% -- include here the bibtex style bibliography items for your section

%% INTRODUCTION %%%%%

@article{Adam:2015nna,
      author         = "Adam, Jaroslav and others",
      title          = "{Centrality dependence of high-p$_{T}$ D meson
                        suppression in Pb-Pb collisions at $
                        \sqrt{s_{\mathrm{N}\mathrm{N}}}=2.76 $ TeV}",
      collaboration  = "ALICE",
      journal        = "JHEP",
      volume         = "11",
      year           = "2015",
      pages          = "205",
      doi            = "10.1007/JHEP11(2015)205, 10.1007/JHEP06(2017)032",
      note           = "[Addendum: JHEP06,032(2017)]",
      eprint         = "1506.06604",
      archivePrefix  = "arXiv",
      primaryClass   = "nucl-ex",
      reportNumber   = "CERN-PH-EP-2015-151",
      SLACcitation   = "%%CITATION = ARXIV:1506.06604;%%"
}

@article{DOKSHITZER2001199,
title = "Heavy-quark colorimetry of QCD matter",
journal = "Physics Letters B",
volume = "519",
number = "3",
pages = "199 - 206",
year = "2001",
issn = "0370-2693",
doi = "https://doi.org/10.1016/S0370-2693(01)01130-3",
url = "http://www.sciencedirect.com/science/article/pii/S0370269301011303",
author = "Yu.L Dokshitzer and D.E Kharzeev"
}

@Article{LorentzpaperHF,
author="Aarts, G. et al.",
title="Heavy-flavor production and medium properties in high-energy nuclear collisions --What next?",
journal="The European Physical Journal A",
year="2017",
month="May",
day="16",
volume="53",
number="5",
pages="93",
issn="1434-601X",
doi="10.1140/epja/i2017-12282-9",
url="https://doi.org/10.1140/epja/i2017-12282-9"
}

@article{PhysRevC.94.014909,
  title = {Linearized Boltzmann transport model for jet propagation in the quark-gluon plasma: Heavy quark evolution},
  author = {Cao, Shanshan and Luo, Tan and Qin, Guang-You and Wang, Xin-Nian},
  journal = {Phys. Rev. C},
  volume = {94},
  issue = {1},
  pages = {014909},
  numpages = {13},
  year = {2016},
  month = {Jul},
  publisher = {American Physical Society},
  doi = {10.1103/PhysRevC.94.014909},
  url = {https://link.aps.org/doi/10.1103/PhysRevC.94.014909}
}

@article{Khachatryan:2016ypw,
      author         = "Khachatryan, Vardan and others",
      title          = "{Suppression and azimuthal anisotropy of prompt and
                       nonprompt ${\mathrm{J}}/\psi $ production in PbPb
                       collisions at $\sqrt{s_{\mathrm{N}\mathrm{N}}}=2.76$ TeV}",
      collaboration  = "CMS",
      journal        = "Eur. Phys. J.",
      volume         = "C77",
      year           = "2017",
      number         = "4",
      pages          = "252",
      doi            = "10.1140/epjc/s10052-017-4781-1",
      eprint         = "1610.00613",
      archivePrefix  = "arXiv",
      primaryClass   = "nucl-ex",
      reportNumber   = "CMS-HIN-14-005, CERN-EP-2016-243",
      SLACcitation   = "%%CITATION = ARXIV:1610.00613;%%"
}

%%%%%% Upgrade detectors %%%%%%

@techreport{Abelev:1625842,
      author        = "Abelev, B and others",
      title         = "{Technical Design Report  for the Upgrade of the ALICE
                       Inner Tracking System}",
      collaboration = "ALICE Collaboration",
      number        = "CERN-LHCC-2013-024. ALICE-TDR-017",
      month         = "Nov",
      year          = "2013",
      reportNumber  = "CERN-LHCC-2013-024",
      url           = "https://cds.cern.ch/record/1625842",
}

@techreport{CERN-LHCC-2015-001,
      author        = "Abelev, B and others",
      title         = "{Technical Design Report for the Muon Forward Tracker}",
      collaboration = "ALICE Collaboration",
      number        = "CERN-LHCC-2015-001. ALICE-TDR-018",
      month         = "Jan",
      year          = "2015",
      reportNumber  = "CERN-LHCC-2015-001",
      url           = "https://cds.cern.ch/record/1981898",
}

@techreport{ATL-PHYS-PUB-2016-025,
      title         = "{Expected Performance of the ATLAS Inner Tracker at the
                       High-Luminosity LHC}",
      institution   = "CERN",
      collaboration = "ATLAS Collaboration",
      address       = "Geneva",
      number        = "ATL-PHYS-PUB-2016-025",
      month         = "Oct",
      year          = "2016",
      reportNumber  = "ATL-PHYS-PUB-2016-025",
      url           = "https://cds.cern.ch/record/2222304",
}

@techreport{Collaboration:2623663,
      author        = "Collaboration, ATLAS",
      title         = "{Technical Proposal: A High-Granularity Timing Detector
                       for the ATLAS Phase-II Upgrade}",
      institution   = "CERN",
      collaboration = "ATLAS Collaboration",
      address       = "Geneva",
      number        = "CERN-LHCC-2018-023. LHCC-P-012",
      month         = "Jun",
      year          = "2018",
      reportNumber  = "CERN-LHCC-2018-023",
      url           = "https://cds.cern.ch/record/2623663",
}

@techreport{Contardo:2020886,
      author        = "Contardo, D and Klute, M and Mans, J and Silvestris, L and
                       Butler, J",
      title         = "{Technical Proposal for the Phase-II Upgrade of the CMS
                       Detector}",
      collaboration = "CMS Collaboration",
      address       = "Geneva",
      number        = "CERN-LHCC-2015-010. LHCC-P-008. CMS-TDR-15-02",
      month         = "Jun",
      year          = "2015",
      reportNumber  = "CERN-LHCC-2015-010",
      url           = "https://cds.cern.ch/record/2020886",
}

@techreport{Collaboration:2272264,
      author        = "",
      title         = "{The Phase-2 Upgrade of the CMS Tracker}",
      institution   = "CERN",
      address       = "Geneva",
      collaboration = "CMS",
      number        = "CERN-LHCC-2017-009. CMS-TDR-014",
      month         = "Jun",
      year          = "2017",
      reportNumber  = "CERN-LHCC-2017-009",
      url           = "https://cds.cern.ch/record/2272264",
}

@techreport{Collaboration:1624070,
      author        = "",
      title         = "{LHCb VELO Upgrade Technical Design Report}",
      number        = "CERN-LHCC-2013-021. LHCB-TDR-013",
      month         = "Nov",
      collaboration = "LHCb",
      year          = "2013",
      reportNumber  = "CERN-LHCC-2013-021",
      url           = "http://cds.cern.ch/record/1624070",
}

@techreport{Collaboration:1624074,
      author        = "",
      title         = "{LHCb PID Upgrade Technical Design Report}",
      number        = "CERN-LHCC-2013-022. LHCB-TDR-014",
      month         = "Nov",
      collaboration = "LHCb",
      year          = "2013",
      reportNumber  = "CERN-LHCC-2013-022",
      url           = "https://cds.cern.ch/record/1624074",
}


@techreport{Collaboration:1647400,
      author        = "",
      title         = "{LHCb Tracker Upgrade Technical Design Report}",
      number        = "CERN-LHCC-2014-001. LHCB-TDR-015",
      month         = "Feb",
      year          = "2014",
      collaboration = "LHCb",
      reportNumber  = "CERN-LHCC-2014-001",
      url           = "https://cds.cern.ch/record/1647400",
}

@techreport{CERN-LHCC-2014-016,
      title         = "{LHCb Trigger and Online Upgrade Technical Design Report}",
      number        = "CERN-LHCC-2014-016. LHCB-TDR-016",
      month         = "May",
      year          = "2014",
      reportNumber  = "CERN-LHCC-2014-016",
      url           = "https://cds.cern.ch/record/1701361",
}


@techreport{TheLHCbCollaboration:2310827,
      author        = "The LHCb Collaboration, CERN",
      title         = "{Upgrade Software and Computing}",
      institution   = "CERN",
      address       = "Geneva",
      number        = "CERN-LHCC-2018-007. LHCB-TDR-017",
      month         = "Mar",
      year          = "2018",
      reportNumber  = "CERN-LHCC-2018-007",
      url           = "https://cds.cern.ch/record/2310827",
}


@techreport{LHCbCollaboration:2319756,
      author        = "LHCb Collaboration, CERN (Meyrin)",
      title         = "{Computing Model of the Upgrade LHCb experiment}",
      institution   = "CERN",
      address       = "Geneva",
      number        = "CERN-LHCC-2018-014. LHCB-TDR-018",
      month         = "May",
      year          = "2018",
      reportNumber  = "CERN-LHCC-2018-014",
      url           = "https://cds.cern.ch/record/2319756",
}


%% RAAv2DB SECTION


@techreport{CMS-PAS-FTR-17-002,
      title         = "{Projected Heavy Ion Physics Performance at the High
                       Luminosity LHC Era with the CMS Detector}",
      institution   = "CERN",
      collaboration = "CMS Collaboration",
      address       = "Geneva",
      number        = "CMS-PAS-FTR-17-002",
      year          = "2017",
      reportNumber  = "CMS-PAS-FTR-17-002",
      url           = "https://cds.cern.ch/record/2291105",
}

%%%%  RAAv2DB SECTION - ESE
@article{Schukraft:2012ah,
      author         = "Schukraft, Jurgen and Timmins, Anthony and Voloshin,
                        Sergei A.",
      title          = "{Ultra-relativistic nuclear collisions: event shape
                        engineering}",
      journal        = "Phys. Lett.",
      volume         = "B719",
      year           = "2013",
      pages          = "394-398",
      doi            = "10.1016/j.physletb.2013.01.045",
      eprint         = "1208.4563",
      archivePrefix  = "arXiv",
      primaryClass   = "nucl-ex",
      SLACcitation   = "%%CITATION = ARXIV:1208.4563;%%"
}

@article{Prado:2016szr,
      author         = "Prado, Caio A. G. and Noronha-Hostler, Jacquelyn and
                        Suaide, Alexandre A. P. and Noronha, Jorge and Munhoz,
                        Marcelo G. and Cosentino, Mauro R.",
      title          = "{Event-by-event $v_n$ correlations of soft hadrons and
                        heavy mesons in heavy ion collisions}",
      year           = "2016",
      eprint         = "1611.02965",
      archivePrefix  = "arXiv",
      primaryClass   = "nucl-th",
      SLACcitation   = "%%CITATION = ARXIV:1611.02965;%%"
}

@article{Gossiaux:2017nwz,
      author         = "Gossiaux, Pol Bernard and Aichelin, Joerg and Nahrgang,
                        Marlene and Ozvenchuk, Vitalii and Werner, Klaus",
      title          = "{Global view on coupled dynamics of heavy and light
                        flavor observables from EPOSHQ}",
      booktitle      = "{Proceedings, 26th International Conference on
                        Ultra-relativistic Nucleus-Nucleus Collisions (Quark
                        Matter 2017): Chicago, Illinois, USA, February 5-11,
                        2017}",
      journal        = "Nucl. Phys.",
      volume         = "A967",
      year           = "2017",
      pages          = "672-675",
      doi            = "10.1016/j.nuclphysa.2017.05.034",
      eprint         = "1705.02271",
      archivePrefix  = "arXiv",
      primaryClass   = "hep-ph",
      SLACcitation   = "%%CITATION = ARXIV:1705.02271;%%"
}

@inproceedings{Beraudo:2018bxb,
      author         = "Beraudo, A. and De Pace, A. and Monteno, M. and Nardi, M.
                        and Prino, F.",
      title          = "{Heavy-flavor flow-harmonics in high-energy nuclear
                        collisions: time-development and eccentricity
                        fluctuations}",
      booktitle      = "{27th International Conference on Ultrarelativistic
                        Nucleus-Nucleus Collisions (Quark Matter 2018) Venice,
                        Italy, May 14-19, 2018}",
      year           = "2018",
      eprint         = "1807.03180",
      archivePrefix  = "arXiv",
      primaryClass   = "hep-ph",
      SLACcitation   = "%%CITATION = ARXIV:1807.03180;%%"
}



@article{Aad:2015lwa,
      author         = "Aad, Georges and others",
      title          = "{Measurement of the correlation between flow harmonics of
                        different order in lead--lead collisions at
                        $\sqrt{s_{\rm NN}}$=2.76 TeV with the ATLAS detector}",
      collaboration  = "ATLAS",
      journal        = "Phys. Rev.",
      volume         = "C92",
      year           = "2015",
      number         = "3",
      pages          = "034903",
      doi            = "10.1103/PhysRevC.92.034903",
      eprint         = "1504.01289",
      archivePrefix  = "arXiv",
      primaryClass   = "hep-ex",
      reportNumber   = "CERN-PH-EP-2015-079",
      SLACcitation   = "%%CITATION = ARXIV:1504.01289;%%"
}

%% HADRONIZATION SECTION

@article{Acharya:2017lwf,
      author         = "Acharya, S. and others",
      title          = "{First measurement of $\Xi_{\rm c}^0$ production in pp
                        collisions at $\mathbf{\sqrt{s}}$ = 7 TeV}",
      collaboration  = "ALICE",
      journal        = "Phys. Lett.",
      volume         = "B781",
      year           = "2018",
      pages          = "8-19",
      doi            = "10.1016/j.physletb.2018.03.061",
      eprint         = "1712.04242",
      archivePrefix  = "arXiv",
      primaryClass   = "hep-ex",
      reportNumber   = "CERN-EP-2017-332",
      SLACcitation   = "%%CITATION = ARXIV:1712.04242;%%"
}

@article{Acharya:2017kfy,
      author         = "Acharya, Shreyasi and others",
      title          = "{$\Lambda_{\rm c}^+$ production in pp collisions at
                        $\sqrt{s} = 7$ TeV and in p-Pb collisions at $\sqrt{s_{\rm
                        NN}} = 5.02$ TeV}",
      collaboration  = "ALICE",
      journal        = "JHEP",
      volume         = "04",
      year           = "2018",
      pages          = "108",
      doi            = "10.1007/JHEP04(2018)108",
      eprint         = "1712.09581",
      archivePrefix  = "arXiv",
      primaryClass   = "nucl-ex",
      reportNumber   = "CERN-EP-2017-339",
      SLACcitation   = "%%CITATION = ARXIV:1712.09581;%%"
}
@article{Plumari:2015cfa,
      author         = "Plumari, Salvatore and Guardo, Giovanni Luca and
                        Scardina, Francesco and Greco, Vincenzo",
      title          = "{Initial state fluctuations from mid-peripheral to
                        ultra-central collisions in a event-by-event transport
                        approach}",
      journal        = "Phys. Rev.",
      volume         = "C92",
      year           = "2015",
      number         = "5",
      pages          = "054902",
      doi            = "10.1103/PhysRevC.92.054902",
      eprint         = "1507.05540",
      archivePrefix  = "arXiv",
      primaryClass   = "hep-ph",
      SLACcitation   = "%%CITATION = ARXIV:1507.05540;%%"
}




@article{Ruggieri:2013ova,
      author         = "Ruggieri, Marco and Scardina, Francesco and Plumari,
                        Salvatore and Greco, Vincenzo",
      title          = "{Thermalization, Isotropization and Elliptic Flow from
                        Nonequilibrium Initial Conditions with a Saturation
                        Scale}",
      journal        = "Phys. Rev.",
      volume         = "C89",
      year           = "2014",
      number         = "5",
      pages          = "054914",
      doi            = "10.1103/PhysRevC.89.054914",
      eprint         = "1312.6060",
      archivePrefix  = "arXiv",
      primaryClass   = "nucl-th",
      SLACcitation   = "%%CITATION = ARXIV:1312.6060;%%"
}






@article{Dong:2018ntm,
      author         = "Dong, Xin and Greco, Vincenzo",
      title          = "{Heavy quark production and properties of Quark-Gluon Plasma}",
      journal        = "Prog. Part. Nucl. Phys",
      volume         = "104",
      year           = "2018",
      number         = "5",
      pages          = "1-47",
      doi            = "https://doi.org/10.1016/j.ppnp.2018.08.001",
      eprint         = " ",
      archivePrefix  = "",
      primaryClass   = "",
      SLACcitation   = "%%CITATION = ARXIV:****.*****;%%"
}




@article{Rapp:2018qla,
      author         = "Beraudo, A. and others",
      editor         = "Rapp, R. and Gossiaux, P. B. and Andronic, A. and
                        Averbeck, R. and Masciocchi, S.",
      title          = "{Extraction of Heavy-Flavor Transport Coefficients in QCD
                        Matter}",
      year           = "2018",
      eprint         = "1803.03824",
      archivePrefix  = "arXiv",
      primaryClass   = "nucl-th",
      SLACcitation   = "%%CITATION = ARXIV:1803.03824;%%"
}







@article{Fries:2008hs,
      author         = "Fries, Rainer J. and Greco, Vincenzo and Sorensen, Paul",
      title          = "{Coalescence Models For Hadron Formation From Quark Gluon
                        Plasma}",
      journal        = "Ann.Rev.Nucl.Part.Sci.",
      volume         = "58",
      pages          = "177-205",
      doi            = "10.1146/annurev.nucl.58.110707.171134",
      year           = "2008",
      eprint         = "0807.4939",
      archivePrefix  = "arXiv",
      primaryClass   = "nucl-th",
      SLACcitation   = "%%CITATION = ARXIV:0807.4939;%%",
}





@article{Andronic:2007zu,
      author         = "Andronic, A. and Braun-Munzinger, P. and Redlich, K. and
                        Stachel, J.",
      title          = "{Charmonium and open charm production in nuclear
                        collisions at SPS/FAIR energies and the possible influence
                        of a hot hadronic medium}",
      journal        = "Phys. Lett.",
      volume         = "B659",
      year           = "2008",
      pages          = "149-155",
      doi            = "10.1016/j.physletb.2007.10.064",
      eprint         = "0708.1488",
      archivePrefix  = "arXiv",
      primaryClass   = "nucl-th",
      SLACcitation   = "%%CITATION = ARXIV:0708.1488;%%"
}

@article{Greco:2003mm,
      author         = "Greco, V. and Ko, C. M. and Levai, P.",
      title          = "{Parton coalescence at RHIC}",
      journal        = "Phys. Rev.",
      volume         = "C68",
      year           = "2003",
      pages          = "034904",
      doi            = "10.1103/PhysRevC.68.034904",
      eprint         = "nucl-th/0305024",
      archivePrefix  = "arXiv",
      primaryClass   = "nucl-th",
      SLACcitation   = "%%CITATION = NUCL-TH/0305024;%%"
}


@article{Greco:2003vf,
      author         = "Greco, V. and Ko, C. M. and Rapp, R.",
      title          = "{Quark coalescence for charmed mesons in
                        ultrarelativistic heavy ion collisions}",
      journal        = "Phys. Lett.",
      volume         = "B595",
      year           = "2004",
      pages          = "202-208",
      doi            = "10.1016/j.physletb.2004.06.064",
      eprint         = "nucl-th/0312100",
      archivePrefix  = "arXiv",
      primaryClass   = "nucl-th",
      SLACcitation   = "%%CITATION = NUCL-TH/0312100;%%"
}


@article{Fries:2003kq,
      author         = "Fries, R. J. and Muller, Berndt and Nonaka, C. and Bass,
                        S. A.",
      title          = "{Hadron production in heavy ion collisions: Fragmentation
                        and recombination from a dense parton phase}",
      journal        = "Phys. Rev.",
      volume         = "C68",
      year           = "2003",
      pages          = "044902",
      doi            = "10.1103/PhysRevC.68.044902",
      eprint         = "nucl-th/0306027",
      archivePrefix  = "arXiv",
      primaryClass   = "nucl-th",
      SLACcitation   = "%%CITATION = NUCL-TH/0306027;%%"
}


@article{Fries:2003vb,
      author         = "Fries, R. J. and Muller, Berndt and Nonaka, C. and Bass,
                        S. A.",
      title          = "{Hadronization in heavy ion collisions: Recombination and
                        fragmentation of partons}",
      journal        = "Phys. Rev. Lett.",
      volume         = "90",
      year           = "2003",
      pages          = "202303",
      doi            = "10.1103/PhysRevLett.90.202303",
      eprint         = "nucl-th/0301087",
      archivePrefix  = "arXiv",
      primaryClass   = "nucl-th",
      reportNumber   = "DUKE-TH-03-233",
      SLACcitation   = "%%CITATION = NUCL-TH/0301087;%%"
}


@article{Oh:2009zj,
      author         = "Oh, Yongseok and Ko, Che Ming and Lee, Su Houng and
                        Yasui, Shigehiro",
      title          = "{Heavy baryon/meson ratios in relativistic heavy ion
                        collisions}",
      journal        = "Phys. Rev.",
      volume         = "C79",
      year           = "2009",
      pages          = "044905",
      doi            = "10.1103/PhysRevC.79.044905",
      eprint         = "0901.1382",
      archivePrefix  = "arXiv",
      primaryClass   = "nucl-th",
      SLACcitation   = "%%CITATION = ARXIV:0901.1382;%%"
}


@article{Plumari:2017ntm,
      author         = "Plumari, Salvatore and Minissale, Vincenzo and Das,
                        Santosh K. and Coci, G. and Greco, V.",
      title          = "{Charmed Hadrons from Coalescence plus Fragmentation in
                        relativistic nucleus-nucleus collisions at RHIC and LHC}",
      journal        = "Eur. Phys. J.",
      volume         = "C78",
      year           = "2018",
      number         = "4",
      pages          = "348",
      doi            = "10.1140/epjc/s10052-018-5828-7",
      eprint         = "1712.00730",
      archivePrefix  = "arXiv",
      primaryClass   = "hep-ph",
      SLACcitation   = "%%CITATION = ARXIV:1712.00730;%%"
}


@article{Minissale:2015zwa,
      author         = "Minissale, Vincenzo and Scardina, Francesco and Greco,
                        Vincenzo",
      title          = "{Hadrons from coalescence plus fragmentation in AA
                        collisions at energies available at the BNL Relativistic
                        Heavy Ion Collider to the CERN Large Hadron Collider}",
      journal        = "Phys. Rev.",
      volume         = "C92",
      year           = "2015",
      number         = "5",
      pages          = "054904",
      doi            = "10.1103/PhysRevC.92.054904",
      eprint         = "1502.06213",
      archivePrefix  = "arXiv",
      primaryClass   = "nucl-th",
      SLACcitation   = "%%CITATION = ARXIV:1502.06213;%%"
}


@article{Scardina:2017ipo,
      author         = "Scardina, Francesco and Das, Santosh K. and Minissale,
                        Vincenzo and Plumari, Salvatore and Greco, Vincenzo",
      title          = "{Estimating the charm quark diffusion coefficient and
                        thermalization time from D meson spectra at energies
                        available at the BNL Relativistic Heavy Ion Collider and
                        the CERN Large Hadron Collider}",
      journal        = "Phys. Rev.",
      volume         = "C96",
      year           = "2017",
      number         = "4",
      pages          = "044905",
      doi            = "10.1103/PhysRevC.96.044905",
      eprint         = "1707.05452",
      archivePrefix  = "arXiv",
      primaryClass   = "nucl-th",
      SLACcitation   = "%%CITATION = ARXIV:1707.05452;%%"
}

@article{He:2011qa,
      author         = "He, Min and Fries, Rainer J. and Rapp, Ralf",
      title          = "{Heavy-Quark Diffusion and Hadronization in Quark-Gluon
                        Plasma}",
      journal        = "Phys. Rev.",
      volume         = "C86",
      year           = "2012",
      pages          = "014903",
      doi            = "10.1103/PhysRevC.86.014903",
      eprint         = "1106.6006",
      archivePrefix  = "arXiv",
      primaryClass   = "nucl-th",
      SLACcitation   = "%%CITATION = ARXIV:1106.6006;%%"
}


@article{Gossiaux:2008jv,
      author         = "Gossiaux, P. B. and Aichelin, J.",
      title          = "{Towards an understanding of the RHIC single electron
                        data}",
      booktitle      = "{Proceedings, 20th International Conference on
                        Ultra-Relativistic Nucleus-Nucleus Collisions (QM 2008):
                        Jaipur, India, February 4-10, 2008}",
      journal        = "Phys. Rev.",
      volume         = "C78",
      year           = "2008",
      pages          = "014904",
      doi            = "10.1103/PhysRevC.78.014904",
      eprint         = "0802.2525",
      archivePrefix  = "arXiv",
      primaryClass   = "hep-ph",
      SLACcitation   = "%%CITATION = ARXIV:0802.2525;%%"
}

@article{vanHees:2007me,
      author         = "van Hees, H. and Mannarelli, M. and Greco, V. and Rapp,
                        R.",
      title          = "{Nonperturbative heavy-quark diffusion in the quark-gluon
                        plasma}",
      journal        = "Phys. Rev. Lett.",
      volume         = "100",
      year           = "2008",
      pages          = "192301",
      doi            = "10.1103/PhysRevLett.100.192301",
      eprint         = "0709.2884",
      archivePrefix  = "arXiv",
      primaryClass   = "hep-ph",
      SLACcitation   = "%%CITATION = ARXIV:0709.2884;%%"
}




@article{Das:2015ana,
      author         = "Das, Santosh K. and Scardina, Francesco and Plumari,
                        Salvatore and Greco, Vincenzo",
      title          = "{Toward a solution to the $R_{AA}$ and $v_2$ puzzle for
                        heavy quarks}",
      journal        = "Phys. Lett.",
      volume         = "B747",
      year           = "2015",
      pages          = "260-264",
      doi            = "10.1016/j.physletb.2015.06.003",
      eprint         = "1502.03757",
      archivePrefix  = "arXiv",
      primaryClass   = "nucl-th",
      SLACcitation   = "%%CITATION = ARXIV:1502.03757;%%"
}



@article{Das:2013kea,
      author         = "Das, Santosh K. and Scardina, Francesco and Plumari,
                        Salvatore and Greco, Vincenzo",
      title          = "{Heavy-flavor in-medium momentum evolution: Langevin
                        versus Boltzmann approach}",
      journal        = "Phys. Rev.",
      volume         = "C90",
      year           = "2014",
      pages          = "044901",
      doi            = "10.1103/PhysRevC.90.044901",
      eprint         = "1312.6857",
      archivePrefix  = "arXiv",
      primaryClass   = "nucl-th",
      SLACcitation   = "%%CITATION = ARXIV:1312.6857;%%"
}



@article{Peterson:1982ak,
      author         = "Peterson, C. and Schlatter, D. and Schmitt, I. and
                        Zerwas, Peter M.",
      title          = "{Scaling Violations in Inclusive e+ e- Annihilation
                        Spectra}",
      journal        = "Phys. Rev.",
      volume         = "D27",
      year           = "1983",
      pages          = "105",
      doi            = "10.1103/PhysRevD.27.105",
      reportNumber   = "SLAC-PUB-2912",
      SLACcitation   = "%%CITATION = PHRVA,D27,105;%%"
}

@article{Acharya:2018hre,
      author         = "Acharya, Shreyasi and others",
      title          = "{Measurement of D$^0$, D$^+$, D$^{*+}$ and D$^+_{\rm s}$
                        production in Pb-Pb collisions at $\mathbf{\sqrt{s_{\rm
                        NN}}}= 5.02$ TeV}",
      collaboration  = "ALICE",
      journal        = "Submitted to: JHEP",
      year           = "2018",
      eprint         = "1804.09083",
      archivePrefix  = "arXiv",
      primaryClass   = "nucl-ex",
      reportNumber   = "CERN-EP-2018-066",
      SLACcitation   = "%%CITATION = ARXIV:1804.09083;%%"
}

@article{Kuznetsova:2006hx,
      author         = "Kuznetsova, Inga and Rafelski, Johann",
      title          = "{Charmed hadrons from strangeness-rich QGP}",
      booktitle      = "{International Conference on Strangeness in Quark Matter
                        (SQM2006) Los Angeles, California, March 26-31, 2006}",
      journal        = "J. Phys.",
      volume         = "G32",
      year           = "2006",
      pages          = "S499-S504",
      doi            = "10.1088/0954-3899/32/12/S64",
      eprint         = "hep-ph/0605307",
      archivePrefix  = "arXiv",
      primaryClass   = "hep-ph",
      SLACcitation   = "%%CITATION = HEP-PH/0605307;%%"
}

@article{He:2014cla,
      author         = "He, Min and Fries, Rainer J. and Rapp, Ralf",
      title          = "{Heavy Flavor at the Large Hadron Collider in a Strong
                        Coupling Approach}",
      journal        = "Phys. Lett.",
      volume         = "B735",
      year           = "2014",
      pages          = "445-450",
      doi            = "10.1016/j.physletb.2014.05.050",
      eprint         = "1401.3817",
      archivePrefix  = "arXiv",
      primaryClass   = "nucl-th",
      SLACcitation   = "%%CITATION = ARXIV:1401.3817;%%"
}

@article{Song:2015ykw,
      author         = "Song, Taesoo and Berrehrah, Hamza and Cabrera, Daniel and
                        Cassing, Wolfgang and Bratkovskaya, Elena",
      title          = "{Charm production in Pb + Pb collisions at energies
                        available at the CERN Large Hadron Collider}",
      journal        = "Phys. Rev.",
      volume         = "C93",
      year           = "2016",
      number         = "3",
      pages          = "034906",
      doi            = "10.1103/PhysRevC.93.034906",
      eprint         = "1512.00891",
      archivePrefix  = "arXiv",
      primaryClass   = "nucl-th",
      SLACcitation   = "%%CITATION = ARXIV:1512.00891;%%"
}

@inproceedings{Peng:2018pwj,
      author         = "Peng, Xinye",
      title          = "{Non-strange and strange D-meson and charm-baryon
                        production in heavy-ion collisions measured with ALICE at
                        the LHC}",
      booktitle      = "{27th International Conference on Ultrarelativistic
                        Nucleus-Nucleus Collisions (Quark Matter 2018) Venice,
                        Italy, May 14-19, 2018}",
      collaboration  = "ALICE",
      journal        = "Submitted to: Nucl. Phys.",
      year           = "2018",
      eprint         = "1807.07286",
      archivePrefix  = "arXiv",
      primaryClass   = "nucl-ex",
      SLACcitation   = "%%CITATION = ARXIV:1807.07286;%%"
}

@conference{Radhakrishnan:2018xxx,
	Author = {Radhakrishnan, Sooraj Krishnan},
	Booktitle = {{Proceedings of the 27th International Conference on Ultra-Relativistic Nucleus-Nucleus Collisions (Quark Matter 2015): Lido di Venezia, Italy, May 14-17, 2018}},
	Collaboration = {STAR},
	Date-Added = {2018-06-18 09:50:47 +0000},
	Date-Modified = {2018-06-18 15:02:26 +0000},
	Keywords = {eoi},
	Title = {{Measurements of Open Charm and Bottom Production in Au+Au Collisions at $\sqrt{s_{\rm NN}}$ = 200 GeV with the STAR Experiment at RHIC}},
	Url = {https://indico.cern.ch/event/656452/contributions/2869736/},
	Year = {2018},
	Bdsk-Url-1 = {https://doi.org/10.1016/j.nuclphysa.2016.03.052}}
    
%% JET CORR SECTION %%%%
@article{LHCb-PAPER-2012-003,
      author         = "Aaij, R. and others",
      title          = "{Observation of double charm production involving open
                         charm in proton-proton collisions at $\sqrt{s}=7\UTeV$}",
      collaboration  = "LHCb collaboration",
      journal        = "JHEP",
      volume         = "06",
      pages          = "141",
      doi            = "10.1007/JHEP06(2012)141",
      year           = "2012",
      eprint         = "1205.0975",
      archivePrefix  = "arXiv",
      primaryClass   = "hep-ex",
      report         = "CERN-PH-2012-109, LHCb-PAPER-2012-003",
      extraPrefix    = "Addendum",
      extraVolume    = "03",
      extraPages     = "108",
      extraYear      = "2014",
      extraDoi       = "10.1007/JHEP03(2014)108",
      SLACcitation   = "%%CITATION = ARXIV:1205.0975;%%",
}
### BBbar CMS
### https://arxiv.org/abs/hep-ph/0005110v1

%% v1 SECTION

@article{Das:2016cwd,
      author         = "Das, Santosh K. and Plumari, Salvatore and Chatterjee,
                        Sandeep and Alam, Jane and Scardina, Francesco and Greco,
                        Vincenzo",
      title          = "{Directed Flow of Charm Quarks as a Witness of the
                        Initial Strong Magnetic Field in Ultra-Relativistic Heavy
                        Ion Collisions}",
      journal        = "Phys. Lett.",
      volume         = "B768",
      year           = "2017",
      pages          = "260-264",
      doi            = "10.1016/j.physletb.2017.02.046",
      eprint         = "1608.02231",
      archivePrefix  = "arXiv",
      primaryClass   = "nucl-th",
      SLACcitation   = "%%CITATION = ARXIV:1608.02231;%%"
}

@article{Chatterjee:2018lsx,
      author         = "Chatterjee, Sandeep and Bozek, Piotr",
      title          = "{Interplay of drag by hot matter and electromagnetic
                        force on the directed flow of heavy quarks, }",
      year           = "2018",
      eprint         = "1804.04893",
      archivePrefix  = "arXiv",
      primaryClass   = "nucl-th",
      SLACcitation   = "%%CITATION = ARXIV:1804.04893;%%"
}

@article{Plumari,
      author         = "S. Plumari",
      title          = "{Transport properties from Charm to Bottom: $\pt$ suppression, anisotropic  flow $\vn$ and their correlations to the bulk dynamics, QM18 proceedings}"
}
@article{Sandeep,
      author         = "S. Chatterjee",
      title          = "{Strong directed flow of heavy flavor as a probe of matter distribution in heavy-ion collisions, QM18 proceedings}"
}

@article{Singha,
      author         = "S. Singha",
      title          = "{Measurements of directed and elliptic flow for D0 and D0bar mesons using the STAR detector at RHIC, QM18 proceedings}"
}

@article{Blok:2017pui,
      author         = "Blok, Boris and Jäkel, Christian D. and Strikman, Mark
                        and Wiedemann, Urs Achim",
      title          = "{Collectivity from interference}",
      journal        = "JHEP",
      volume         = "12",
      year           = "2017",
      pages          = "074",
      doi            = "10.1007/JHEP12(2017)074",
      eprint         = "1708.08241",
      archivePrefix  = "arXiv",
      primaryClass   = "hep-ph",
      reportNumber   = "CERN-TH-2017-179",
      SLACcitation   = "%%CITATION = ARXIV:1708.08241;%%"
}

@article{Khachatryan:2010gv,
      author         = "Khachatryan, Vardan and others",
      title          = "{Observation of Long-Range Near-Side Angular Correlations
                        in Proton-Proton Collisions at the LHC}",
      collaboration  = "CMS",
      journal        = "JHEP",
      volume         = "09",
      year           = "2010",
      pages          = "091",
      doi            = "10.1007/JHEP09(2010)091",
      eprint         = "1009.4122",
      archivePrefix  = "arXiv",
      primaryClass   = "hep-ex",
      reportNumber   = "CMS-QCD-10-002, CERN-PH-EP-2010-031",
      SLACcitation   = "%%CITATION = ARXIV:1009.4122;%%"
}

@article{CMS:2012qk,
      author         = "Chatrchyan, Serguei and others",
      title          = "{Observation of long-range near-side angular correlations
                        in proton-lead collisions at the LHC}",
      collaboration  = "CMS",
      journal        = "Phys. Lett.",
      volume         = "B718",
      year           = "2013",
      pages          = "795-814",
      doi            = "10.1016/j.physletb.2012.11.025",
      eprint         = "1210.5482",
      archivePrefix  = "arXiv",
      primaryClass   = "nucl-ex",
      reportNumber   = "CMS-HIN-12-005, CERN-PH-EP-2012-320, CMS-HIN-12-015",
      SLACcitation   = "%%CITATION = ARXIV:1210.5482;%%"
}

@article{Abelev:2012ola,
      author         = "Abelev, Betty and others",
      title          = "{Long-range angular correlations on the near and away
                        side in $p$-Pb collisions at $\sqrt{s_{NN}}=5.02$ TeV}",
      collaboration  = "ALICE",
      journal        = "Phys. Lett.",
      volume         = "B719",
      year           = "2013",
      pages          = "29-41",
      doi            = "10.1016/j.physletb.2013.01.012",
      eprint         = "1212.2001",
      archivePrefix  = "arXiv",
      primaryClass   = "nucl-ex",
      reportNumber   = "CERN-PH-EP-2012-359",
      SLACcitation   = "%%CITATION = ARXIV:1212.2001;%%"
}

@article{Aad:2012gla,
      author         = "Aad, Georges and others",
      title          = "{Observation of Associated Near-Side and Away-Side
                        Long-Range Correlations in $\sqrt{s_{NN}}$=5.02 TeV
                        Proton-Lead Collisions with the ATLAS Detector}",
      collaboration  = "ATLAS",
      journal        = "Phys. Rev. Lett.",
      volume         = "110",
      year           = "2013",
      number         = "18",
      pages          = "182302",
      doi            = "10.1103/PhysRevLett.110.182302",
      eprint         = "1212.5198",
      archivePrefix  = "arXiv",
      primaryClass   = "hep-ex",
      reportNumber   = "CERN-PH-EP-2012-366",
      SLACcitation   = "%%CITATION = ARXIV:1212.5198;%%"
}

@article{ABELEV:2013wsa,
      author         = "Abelev, Betty Bezverkhny and others",
      title          = "{Long-range angular correlations of $\rm \pi$, K and p in
                        p-Pb collisions at $\sqrt{s_{\rm NN}}$ = 5.02 TeV}",
      collaboration  = "ALICE",
      journal        = "Phys. Lett.",
      volume         = "B726",
      year           = "2013",
      pages          = "164-177",
      doi            = "10.1016/j.physletb.2013.08.024",
      eprint         = "1307.3237",
      archivePrefix  = "arXiv",
      primaryClass   = "nucl-ex",
      reportNumber   = "CERN-PH-EP-2013-115",
      SLACcitation   = "%%CITATION = ARXIV:1307.3237;%%"
}

@article{Khachatryan:2015waa,
      author         = "Khachatryan, Vardan and others",
      title          = "{Evidence for Collective Multiparticle Correlations in
                        p-Pb Collisions}",
      collaboration  = "CMS",
      journal        = "Phys. Rev. Lett.",
      volume         = "115",
      year           = "2015",
      number         = "1",
      pages          = "012301",
      doi            = "10.1103/PhysRevLett.115.012301",
      eprint         = "1502.05382",
      archivePrefix  = "arXiv",
      primaryClass   = "nucl-ex",
      reportNumber   = "CMS-HIN-14-006, CERN-PH-EP-2015-011",
      SLACcitation   = "%%CITATION = ARXIV:1502.05382;%%"
}

@article{Dusling:2013qoz,
      author         = "Dusling, Kevin and Venugopalan, Raju",
      title          = "{Comparison of the color glass condensate to dihadron
                        correlations in proton-proton and proton-nucleus
                        collisions}",
      journal        = "Phys. Rev.",
      volume         = "D87",
      year           = "2013",
      number         = "9",
      pages          = "094034",
      doi            = "10.1103/PhysRevD.87.094034",
      eprint         = "1302.7018",
      archivePrefix  = "arXiv",
      primaryClass   = "hep-ph",
      SLACcitation   = "%%CITATION = ARXIV:1302.7018;%%"
}

@article{Bzdak:2014dia,
      author         = "Bzdak, Adam and Ma, Guo-Liang",
      title          = "{Elliptic and triangular flow in $p$+Pb and peripheral
                        Pb+Pb collisions from parton scatterings}",
      journal        = "Phys. Rev. Lett.",
      volume         = "113",
      year           = "2014",
      number         = "25",
      pages          = "252301",
      doi            = "10.1103/PhysRevLett.113.252301",
      eprint         = "1406.2804",
      archivePrefix  = "arXiv",
      primaryClass   = "hep-ph",
      SLACcitation   = "%%CITATION = ARXIV:1406.2804;%%"
}

@article{Beraudo:2015wsd,
      author         = "Beraudo, Andrea and De Pace, Arturo and Monteno, Marco
                        and Nardi, Marzia and Prino, Francesco",
      title          = "{Heavy-flavour production in high-energy d-Au and p-Pb
                        collisions}",
      journal        = "JHEP",
      volume         = "03",
      year           = "2016",
      pages          = "123",
      doi            = "10.1007/JHEP03(2016)123",
      eprint         = "1512.05186",
      archivePrefix  = "arXiv",
      primaryClass   = "hep-ph",
      SLACcitation   = "%%CITATION = ARXIV:1512.05186;%%"
}

@article{Sirunyan:2018toe,
      author         = "Sirunyan, Albert M and others",
      title          = "{Elliptic flow of charm and strange hadrons in
                        high-multiplicity pPb collisions at
                        $\sqrt{s_{_\mathrm{NN}}} =$ 8.16 TeV}",
      collaboration  = "CMS",
      journal        = "Phys. Rev. Lett.",
      year           = "2018",
      doi            = "10.3204/PUBDB-2018-02206",
      eprint         = "1804.09767",
      archivePrefix  = "arXiv",
      primaryClass   = "hep-ex",
      reportNumber   = "CMS-HIN-17-003, CERN-EP-2018-076",
      SLACcitation   = "%%CITATION = ARXIV:1804.09767;%%"
}

@article{CMS:2018xac,
      author         = "Sirunyan, Albert M and others",
      title          = "{Observation of prompt
                        $\mathrm{J}\hspace{-.08em}/\hspace{-.14em}\psi$ meson
                        elliptic flow in high-multiplicity pPb collisions at
                        $\sqrt{s_{_{\mathrm{NN}}}} = 8.16~\mathrm{TeV}$}",
      collaboration  = "CMS",
      year           = "2018",
      reportNumber   = "CMS-PAS-HIN-18-010",
      SLACcitation   = "%%CITATION = CMS-PAS-HIN-18-010;%%"
}

@article{Acharya:2017tfn,
      author         = "Acharya, S. and others",
      title          = "{Search for collectivity with azimuthal J/$\psi$-hadron
                        correlations in high multiplicity p-Pb collisions at
                        $\sqrt{s_{\rm NN}}$ = 5.02 and 8.16 TeV}",
      collaboration  = "ALICE",
      journal        = "Phys. Lett.",
      volume         = "B780",
      year           = "2018",
      pages          = "7-20",
      doi            = "10.1016/j.physletb.2018.02.039",
      eprint         = "1709.06807",
      archivePrefix  = "arXiv",
      primaryClass   = "nucl-ex",
      reportNumber   = "CERN-EP-2017-245",
      SLACcitation   = "%%CITATION = ARXIV:1709.06807;%%"
}

@article{Adam:2015vsf,
      author         = "Adam, Jaroslav and others",
      title          = "{Multi-strange baryon production in p-Pb collisions at
                        $\sqrt{s_\mathbf{NN}}=5.02$ TeV}",
      collaboration  = "ALICE",
      journal        = "Phys. Lett.",
      volume         = "B758",
      year           = "2016",
      pages          = "389-401",
      doi            = "10.1016/j.physletb.2016.05.027",
      eprint         = "1512.07227",
      archivePrefix  = "arXiv",
      primaryClass   = "nucl-ex",
      reportNumber   = "CERN-PH-EP-2015-327",
      SLACcitation   = "%%CITATION = ARXIV:1512.07227;%%"
}

@article{Abelev:2013haa,
      author         = "Abelev, Betty Bezverkhny and others",
      title          = "{Multiplicity Dependence of Pion, Kaon, Proton and Lambda
                        Production in p-Pb Collisions at $\sqrt{s_{NN}}$ = 5.02
                        TeV}",
      collaboration  = "ALICE",
      journal        = "Phys. Lett.",
      volume         = "B728",
      year           = "2014",
      pages          = "25-38",
      doi            = "10.1016/j.physletb.2013.11.020",
      eprint         = "1307.6796",
      archivePrefix  = "arXiv",
      primaryClass   = "nucl-ex",
      reportNumber   = "CERN-PH-EP-2013-135",
      SLACcitation   = "%%CITATION = ARXIV:1307.6796;%%"
}

@article{Acharya:2018qsh,
      author         = "Acharya, Shreyasi and others",
      title          = "{Transverse momentum spectra and nuclear modification
                        factors of charged particles in pp, p-Pb and Pb-Pb
                        collisions at the LHC}",
      collaboration  = "ALICE",
      year           = "2018",
      eprint         = "1802.09145",
      archivePrefix  = "arXiv",
      primaryClass   = "nucl-ex",
      reportNumber   = "CERN-EP-2018-025",
      SLACcitation   = "%%CITATION = ARXIV:1802.09145;%%"
}

@article{Du:2018wsj,
      author         = "Du, Xiaojian and Rapp, Ralf",
      title          = "{In-Medium Charmonium Production in Proton-Nucleus
                        Collisions}",
      year           = "2018",
      eprint         = "1808.10014",
      archivePrefix  = "arXiv",
      primaryClass   = "nucl-th",
      SLACcitation   = "%%CITATION = ARXIV:1808.10014;%%"
}



@article{Adam:2015eta,
      author         = "Adam, Jaroslav and others",
      title          = "{Event shape engineering for inclusive spectra and
                        elliptic flow in Pb-Pb collisions at
                        $\sqrt{s_{\rm{NN}}}=2.76$ TeV}",
      collaboration  = "ALICE",
      journal        = "Phys. Rev.",
      volume         = "C93",
      year           = "2016",
      number         = "3",
      pages          = "034916",
      doi            = "10.1103/PhysRevC.93.034916",
      eprint         = "1507.06194",
      archivePrefix  = "arXiv",
      primaryClass   = "nucl-ex",
      reportNumber   = "CERN-PH-EP-2015-171",
      SLACcitation   = "%%CITATION = ARXIV:1507.06194;%%"
}

@techreport{ALICE:ITS3LoI,
       author         = "Acharya, Shreyasi and others",
       title          = "{Expression of Interest for an ALICE ITS Upgrade in LS3}",
       institution   = "CERN",
       collaboration  = "ALICE",
       year           = "2018",
       number         = "ALICE-PUBLIC-2018-013",
       reportNumber   = "ALICE-PUBLIC-2018-013",
       SLACcitation   = "%%CITATION =;%%"
}
 


@article{PhysRevC.97.014907,
  title = {Data-driven analysis for the temperature and momentum dependence of the heavy-quark diffusion coefficient in relativistic heavy-ion collisions},
  author = {Xu, Yingru and Bernhard, Jonah E. and Bass, Steffen A. and Nahrgang, Marlene and Cao, Shanshan},
  journal = {Phys. Rev. C},
  volume = {97},
  issue = {1},
  pages = {014907},
  numpages = {14},
  year = {2018},
  month = {Jan},
  publisher = {American Physical Society},
  doi = {10.1103/PhysRevC.97.014907},
  url = {https://link.aps.org/doi/10.1103/PhysRevC.97.014907}
}

@article{Prino:2016cni,
      author         = "Prino, Francesco and Rapp, Ralf",
      title          = "{Open Heavy Flavor in QCD Matter and in Nuclear
                        Collisions}",
      journal        = "J. Phys.",
      volume         = "G43",
      year           = "2016",
      number         = "9",
      pages          = "093002",
      doi            = "10.1088/0954-3899/43/9/093002",
      eprint         = "1603.00529",
      archivePrefix  = "arXiv",
      primaryClass   = "nucl-ex",
      SLACcitation   = "%%CITATION = ARXIV:1603.00529;%%"
}

@article{Moore:2004tg,
      author         = "Moore, Guy D. and Teaney, Derek",
      title          = "{How much do heavy quarks thermalize in a heavy ion
                        collision?}",
      journal        = "Phys. Rev.",
      volume         = "C71",
      year           = "2005",
      pages          = "064904",
      doi            = "10.1103/PhysRevC.71.064904",
      eprint         = "hep-ph/0412346",
      archivePrefix  = "arXiv",
      primaryClass   = "hep-ph",
      SLACcitation   = "%%CITATION = HEP-PH/0412346;%%"
}

@article{Acharya:2018bxo,
      author         = "Acharya, Shreyasi and others",
      title          = "{Event-shape engineering for the D-meson elliptic flow in
                        mid-central Pb-Pb collisions at $\sqrt{s_{\rm NN}} =5.02$
                        TeV}",
      collaboration  = "ALICE",
      year           = "2018",
      eprint         = "1809.09371",
      archivePrefix  = "arXiv",
      primaryClass   = "nucl-ex",
      reportNumber   = "CERN-EP-2018-260",
      SLACcitation   = "%%CITATION = ARXIV:1809.09371;%%"
}


@article{Gursoy:2014aka,
      author         = "Gursoy, Umut and Kharzeev, Dmitri and Rajagopal, Krishna",
      title          = "{Magnetohydrodynamics, charged currents and directed flow
                        in heavy ion collisions}",
      journal        = "Phys. Rev.",
      volume         = "C89",
      year           = "2014",
      number         = "5",
      pages          = "054905",
      doi            = "10.1103/PhysRevC.89.054905",
      eprint         = "1401.3805",
      archivePrefix  = "arXiv",
      primaryClass   = "hep-ph",
      SLACcitation   = "%%CITATION = ARXIV:1401.3805;%%"
}
