% -- include here the bibtex style bibliography items for your section

@article{Lebiedowicz:2017cuq,
      author         = "Lebiedowicz, Piotr and Szczurek, Antoni",
      title          = "{The role of meson exchanges in light-by-light
                        scattering}",
      journal        = "Phys. Lett.",
      volume         = "B772",
      year           = "2017",
      pages          = "330-335",
      doi            = "10.1016/j.physletb.2017.06.060",
      eprint         = "1705.06535",
      archivePrefix  = "arXiv",
      primaryClass   = "hep-ph",
      SLACcitation   = "%%CITATION = ARXIV:1705.06535;%%"
}

@article{Abelev:2014ypa,
      author         = "Abelev, Betty Bezverkhny and others",
      title          = "{Neutral pion production at midrapidity in pp and Pb-Pb
                        collisions at $\sqrt{s_{{\mathrm {NN}}}}= 2.76\,{\mathrm
                        {TeV}}$}",
      collaboration  = "ALICE",
      journal        = "Eur. Phys. J.",
      volume         = "C74",
      year           = "2014",
      number         = "10",
      pages          = "3108",
      doi            = "10.1140/epjc/s10052-014-3108-8",
      eprint         = "1405.3794",
      archivePrefix  = "arXiv",
      primaryClass   = "nucl-ex",
      reportNumber   = "CERN-PH-EP-2014-091",
      SLACcitation   = "%%CITATION = ARXIV:1405.3794;%%"
}

@article{Brivio:2017ije,
      author         = "Brivio, I. and Gavela, M. B. and Merlo, L. and Mimasu, K.
                        and No, J. M. and del Rey, R. and Sanz, V.",
      title          = "{ALPs Effective Field Theory and Collider Signatures}",
      journal        = "Eur. Phys. J.",
      volume         = "C77",
      year           = "2017",
      number         = "8",
      pages          = "572",
      doi            = "10.1140/epjc/s10052-017-5111-3",
      eprint         = "1701.05379",
      archivePrefix  = "arXiv",
      primaryClass   = "hep-ph",
      reportNumber   = "IFT-UAM-CSIC-16-141, KCL-PH-TH-2016-72, FTUAM-16-49,
                        CP3-17-04",
      SLACcitation   = "%%CITATION = ARXIV:1701.05379;%%"
}

@article{Knapen:2016moh,
      author         = "Knapen, Simon and Lin, Tongyan and Lou, Hou Keong and
                        Melia, Tom",
      title          = "{Searching for Axionlike Particles with Ultraperipheral
                        Heavy-Ion Collisions}",
      journal        = "Phys. Rev. Lett.",
      volume         = "118",
      year           = "2017",
      number         = "17",
      pages          = "171801",
      doi            = "10.1103/PhysRevLett.118.171801",
      eprint         = "1607.06083",
      archivePrefix  = "arXiv",
      primaryClass   = "hep-ph",
      SLACcitation   = "%%CITATION = ARXIV:1607.06083;%%"
}

@article{Jaeckel:2015jla,
      author         = "Jaeckel, Joerg and Spannowsky, Michael",
      title          = "{Probing MeV to 90 GeV axion-like particles with LEP and
                        LHC}",
      journal        = "Phys. Lett.",
      volume         = "B753",
      year           = "2016",
      pages          = "482-487",
      doi            = "10.1016/j.physletb.2015.12.037",
      eprint         = "1509.00476",
      archivePrefix  = "arXiv",
      primaryClass   = "hep-ph",
      SLACcitation   = "%%CITATION = ARXIV:1509.00476;%%"
}

@article{Mimasu:2014nea,
      author         = "Mimasu, Ken and Sanz, Ver√≥nica",
      title          = "{ALPs at Colliders}",
      journal        = "JHEP",
      volume         = "06",
      year           = "2015",
      pages          = "173",
      doi            = "10.1007/JHEP06(2015)173",
      eprint         = "1409.4792",
      archivePrefix  = "arXiv",
      primaryClass   = "hep-ph",
      SLACcitation   = "%%CITATION = ARXIV:1409.4792;%%"
}

@article{Pierog:2006qv,
      author         = "Pierog, T. and Werner, Klaus",
      title          = "{Muon Production in Extended Air Shower Simulations}",
      journal        = "Phys. Rev. Lett.",
      volume         = "101",
      year           = "2008",
      pages          = "171101",
      doi            = "10.1103/PhysRevLett.101.171101",
      eprint         = "astro-ph/0611311",
      archivePrefix  = "arXiv",
      primaryClass   = "astro-ph",
      SLACcitation   = "%%CITATION = ASTRO-PH/0611311;%%"
}

@techreport{Tapper:1556311,
      author        = "Tapper, A and Acosta, Darin",
      editor        = "Tapper, A",
      title         = "{CMS Technical Design Report for the Level-1 Trigger
                       Upgrade}",
      collaboration = "CMS Collaboration",
      number        = "CERN-LHCC-2013-011. CMS-TDR-12",
      month         = "Jun",
      year          = "2013",
      reportNumber  = "CERN-LHCC-2013-011",
      url           = "https://cds.cern.ch/record/1556311",
      note          = "Additional contacts: Jeffrey Spalding, Fermilab,
                       Jeffrey.Spalding@cern.ch Didier Contardo, Universite Claude
                       Bernard-Lyon I, didier.claude.contardo@cern.ch",
}

@techreport{Aad:2013tqj,
      author         = "Aad, Georges and others",
      title          = "{Technical Design Report for the Phase-I Upgrade of the
                        ATLAS TDAQ System}",
      collaboration  = "ATLAS Collaboration",
      number         = "CERN-LHCC-2013-018, ATLAS-TDR-023",
      year           = "2013",
      reportNumber   = "CERN-LHCC-2013-018, ATLAS-TDR-023",
      url            = "https://cds.cern.ch/record/1602235",
      SLACcitation   = "%%CITATION = CERN-LHCC-2013-018;%%"
}

@techreport{Aduszkiewicz:2287004,
      author        = "Aduszkiewicz, A",
      title         = "{Feasibility Study for the Measurement of Nuclear
                       Fragmentation Cross Sections with NA61/SHINE at the CERN
                       SPS}",
      institution   = "CERN",
      collaboration = "NA61/SHINE Collaboration",
      address       = "Geneva",
      number        = "CERN-SPSC-2017-035. SPSC-P-330-ADD-9",
      month         = "Oct",
      year          = "2017",
      reportNumber  = "CERN-SPSC-2017-035",
      url           = "https://cds.cern.ch/record/2287004",
}

@techreport{Aduszkiewicz:2309890,
      author        = "Aduszkiewicz, A",
      title         = "{Study of Hadron-Nucleus and Nucleus-Nucleus Collisions at
                       the CERN SPS:   Early Post-LS2 Measurements and Future
                       Plans}",
      institution   = "CERN",
      collaboration = "NA61/SHINE Collaboration",
      address       = "Geneva",
      number        = "CERN-SPSC-2018-008. SPSC-P-330-ADD-10",
      month         = "Mar",
      year          = "2018",
      reportNumber  = "CERN-SPSC-2018-008",
      url           = "https://cds.cern.ch/record/2309890",
}

@article{Genolini:2018ekk,
      author         = "Genolini, Yoann and Maurin, David and Moskalenko, Igor V.
                        and Unger, Michael",
      title          = "{Current status and desired precision of the isotopic
                        production cross sections relevant to astrophysics of
                        cosmic rays: Li, Be, B, C, and N}",
      journal        = "Phys. Rev.",
      volume         = "C98",
      year           = "2018",
      number         = "3",
      pages          = "034611",
      doi            = "10.1103/PhysRevC.98.034611",
      eprint         = "1803.04686",
      archivePrefix  = "arXiv",
      primaryClass   = "astro-ph.HE",
      SLACcitation   = "%%CITATION = ARXIV:1803.04686;%%"
}

@article{Adam:2014qja,
      author         = "Adam, Jaroslav and others",
      title          = "{Centrality dependence of particle production in p-Pb
                        collisions at $\sqrt{s_{\rm NN} }$= 5.02 TeV}",
      collaboration  = "ALICE",
      journal        = "Phys. Rev.",
      volume         = "C91",
      year           = "2015",
      number         = "6",
      pages          = "064905",
      doi            = "10.1103/PhysRevC.91.064905",
      eprint         = "1412.6828",
      archivePrefix  = "arXiv",
      primaryClass   = "nucl-ex",
      reportNumber   = "CERN-PH-EP-2014-281",
      SLACcitation   = "%%CITATION = ARXIV:1412.6828;%%"
}

@article{Adriani:2015iwv,
      author         = "Adriani, O. and others",
      title          = "{Measurements of longitudinal and transverse momentum
                        distributions for neutral pions in the forward-rapidity
                        region with the LHCf detector}",
      collaboration  = "LHCf",
      journal        = "Phys. Rev.",
      volume         = "D94",
      year           = "2016",
      number         = "3",
      pages          = "032007",
      doi            = "10.1103/PhysRevD.94.032007",
      eprint         = "1507.08764",
      archivePrefix  = "arXiv",
      primaryClass   = "hep-ex",
      reportNumber   = "CERN-PH-EP-2015-201",
      SLACcitation   = "%%CITATION = ARXIV:1507.08764;%%"
}



@article{Govorkova:2015vqa,
      author         = "Govorkova, Ekaterina",
      title          = "{Study of $\pi^0/\gamma$ efficiency using $B$ meson
                        decays in the LHCb experiment}",
      journal        = "Phys. Atom. Nucl.",
      volume         = "79",
      year           = "2016",
      number         = "11-12",
      pages          = "1474-1476",
      doi            = "10.1134/S1063778816100070",
      eprint         = "1505.02960",
      archivePrefix  = "arXiv",
      primaryClass   = "hep-ex",
      reportNumber   = "CERN-LHCB-PROC-2015-009",
      SLACcitation   = "%%CITATION = ARXIV:1505.02960;%%"
}



@article{Patrignani:2016xqp,
      author         = "Patrignani, C. and others",
      title          = "{Review of Particle Physics}",
      collaboration  = "Particle Data Group",
      journal        = "Chin. Phys.",
      volume         = "C40",
      year           = "2016",
      number         = "10",
      pages          = "100001",
      doi            = "10.1088/1674-1137/40/10/100001",
      SLACcitation   = "%%CITATION = CHPHD,C40,100001;%%"
}




@article{Knapen:2016moh,
      author         = "Knapen, Simon and Lin, Tongyan and Lou, Hou Keong and
                        Melia, Tom",
      title          = "{Searching for Axionlike Particles with Ultraperipheral
                        Heavy-Ion Collisions}",
      journal        = "Phys. Rev. Lett.",
      volume         = "118",
      year           = "2017",
      number         = "17",
      pages          = "171801",
      doi            = "10.1103/PhysRevLett.118.171801",
      eprint         = "1607.06083",
      archivePrefix  = "arXiv",
      primaryClass   = "hep-ph",
      SLACcitation   = "%%CITATION = ARXIV:1607.06083;%%"
}

@article{Bauer:2017ris,
      author         = "Bauer, Martin and Neubert, Matthias and Thamm, Andrea",
      title          = "{Collider Probes of Axion-Like Particles}",
      journal        = "JHEP",
      volume         = "12",
      year           = "2017",
      pages          = "044",
      doi            = "10.1007/JHEP12(2017)044",
      eprint         = "1708.00443",
      archivePrefix  = "arXiv",
      primaryClass   = "hep-ph",
      reportNumber   = "MITP-17-047",
      SLACcitation   = "%%CITATION = ARXIV:1708.00443;%%"
}

@article{PhysRevLett.38.1440,
  title = {$\mathrm{CP}$ Conservation in the Presence of Pseudoparticles},
  author = {Peccei, R. D. and Quinn, Helen R.},
  journal = {Phys. Rev. Lett.},
  volume = {38},
  pages = {1440--1443},
  numpages = {0},
  year = {1977},
  month = {Jun},
  publisher = {American Physical Society},
  doi = {10.1103/PhysRevLett.38.1440},
  url = {https://link.aps.org/doi/10.1103/PhysRevLett.38.1440}
}

@article{Peccei:1977hh,
      author         = "Peccei, R. D. and Quinn, Helen R.",
      title          = "{CP Conservation in the Presence of Instantons}",
      journal        = "Phys. Rev. Lett.",
      volume         = "38",
      year           = "1977",
      pages          = "1440-1443",
      doi            = "10.1103/PhysRevLett.38.1440",
      reportNumber   = "ITP-568-STANFORD",
      SLACcitation   = "%%CITATION = PRLTA,38,1440;%%"
}

@article{Klusek-Gawenda:2016nuo,
      author         = "K{\l}usek-Gawenda, Mariola and Sch{\"a}fer, Wolfgang and
                        Szczurek, Antoni",
      title          = "{Two-gluon exchange contribution to elastic $\gamma
                        \gamma \to \gamma \gamma$ scattering and production of
                        two-photons in ultraperipheral ultrarelativistic heavy ion
                        and proton-proton collisions}",
      journal        = "Phys. Lett.",
      volume         = "B761",
      year           = "2016",
      pages          = "399-407",
      doi            = "10.1016/j.physletb.2016.08.059",
      eprint         = "1606.01058",
      archivePrefix  = "arXiv",
      primaryClass   = "hep-ph",
      SLACcitation   = "%%CITATION = ARXIV:1606.01058;%%"
}

@article{Klusek-Gawenda:2016euz,
      author         = "K{\l}usek-Gawenda, Mariola and Lebiedowicz, Piotr and
                        Szczurek, Antoni",
      title          = "{Light-by-light scattering in ultraperipheral Pb-Pb
                        collisions at energies available at the CERN Large Hadron
                        Collider}",
      journal        = "Phys. Rev.",
      volume         = "C93",
      year           = "2016",
      number         = "4",
      pages          = "044907",
      doi            = "10.1103/PhysRevC.93.044907",
      eprint         = "1601.07001",
      archivePrefix  = "arXiv",
      primaryClass   = "nucl-th",
      SLACcitation   = "%%CITATION = ARXIV:1601.07001;%%"
}

@article{dEnterria:2013zqi,
      author         = "d'Enterria, David and da Silveira, Gustavo G.",
      title          = "{Observing light-by-light scattering at the Large Hadron
                        Collider}",
      journal        = "Phys. Rev. Lett.",
      volume         = "111",
      year           = "2013",
      pages          = "080405",
      doi            = "10.1103/PhysRevLett.111.080405,
                        10.1103/PhysRevLett.116.129901",
      note           = "[Erratum: Phys. Rev. Lett.116,no.12,129901(2016)]",
      eprint         = "1305.7142",
      archivePrefix  = "arXiv",
      primaryClass   = "hep-ph",
      SLACcitation   = "%%CITATION = ARXIV:1305.7142;%%"
}

@article{Klusek-Gawenda:2018ijg,
      author         = "K{\l}usek-Gawenda, Mariola",
      title          = "{Importance of mesons in light-by-light scattering in
                        ultraperipheral lead-lead collisions at the LHC}",
      booktitle      = "{15th International Workshop on Meson Physics (MESON
                        2018) Krak{\'o}w, Poland, June 7-12, 2018}",
      year           = "2018",
      eprint         = "1809.03823",
      archivePrefix  = "arXiv",
      primaryClass   = "hep-ph",
      SLACcitation   = "%%CITATION = ARXIV:1809.03823;%%"
}

@article{CMS-PAS-FSQ-16-012,
      title         = "{Measurement of light-by-light scattering in
                       ultraperipheral PbPb collisions at $\sqrt{s_{\mathrm{NN}}}$
                       = 5.02 TeV}",
      institution   = "CERN",
      author        = "{CMS Collaboration}",
      number        = "CMS-PAS-FSQ-16-012",
      year          = "2018",
      reportNumber  = "CMS-PAS-FSQ-16-012",
      url           = "https://cds.cern.ch/record/2319158",
}

@article{Aaboud:2017bwk,
      author         = "{ATLAS Collaboration}",
      title          = "{Evidence for light-by-light scattering in heavy-ion
                        collisions with the ATLAS detector at the LHC}",
      collaboration  = "ATLAS",
      journal        = "Nature Phys.",
      volume         = "13",
      year           = "2017",
      number         = "9",
      pages          = "852-858",
      doi            = "10.1038/nphys4208",
      eprint         = "1702.01625",
      archivePrefix  = "arXiv",
      primaryClass   = "hep-ex",
      reportNumber   = "CERN-EP-2016-316",
      SLACcitation   = "%%CITATION = ARXIV:1702.01625;%%"
}

@article{Barrett:1977,
      author         = "Barrett, R. C. and Jackson, D. F.",
      title          = "{Nuclear Sizes and Structure}",
      journal        = "United Kingdom: Clarendon Press",
      year           = "1977",
}

@article{Bertulani:2005ru,
      author         = "Bertulani, Carlos A. and Klein, Spencer R. and Nystrand,
                        Joakim",
      title          = "{Physics of ultra-peripheral nuclear collisions}",
      journal        = "Ann. Rev. Nucl. Part. Sci.",
      volume         = "55",
      year           = "2005",
      pages          = "271-310",
      doi            = "10.1146/annurev.nucl.55.090704.151526",
      eprint         = "nucl-ex/0502005",
      archivePrefix  = "arXiv",
      primaryClass   = "nucl-ex",
      SLACcitation   = "%%CITATION = NUCL-EX/0502005;%%"
}











@article{Lansberg:Adv2015,
      author         = "Lansberg, J. P. and  Cavoto, G. and Hadjidakis, C. and He, J. and Lorc\'e, C. and Trzeciak, B. ",
      title          = "{Physics at a Fixed-Target Experiment Using the LHC Beams,}",
      journal        = "Adv. High. Energy Phys.",
      volume         = "2015",
      year           = "2015",
      pages          = "2",
      doi            = "10.1155/2015/319654",
}


@article{Harland-Lang:2018iur,
      author         = "Harland-Lang, L. A. and Khoze, V. A. and Ryskin, M. G.",
      title          = "{Exclusive LHC physics with heavy ions: SuperChic 3}",
      year           = "2018",
      eprint         = "1810.06567",
      archivePrefix  = "arXiv",
      primaryClass   = "hep-ph",
      reportNumber   = "IPPP/18/90",
      SLACcitation   = "%%CITATION = ARXIV:1810.06567;%%"
}

@article{Abbas:2013oua,
      author         = "Abbas, E. and others",
      title          = "{Charmonium and $e^+e^-$ pair photoproduction at
                        mid-rapidity in ultra-peripheral Pb-Pb collisions at
                        $\sqrt{s_{\rm NN}}$=2.76 TeV}",
      collaboration  = "ALICE",
      journal        = "Eur. Phys. J.",
      volume         = "C73",
      year           = "2013",
      number         = "11",
      pages          = "2617",
      doi            = "10.1140/epjc/s10052-013-2617-1",
      eprint         = "1305.1467",
      archivePrefix  = "arXiv",
      primaryClass   = "nucl-ex",
      reportNumber   = "CERN-PH-EP-2013-066",
      SLACcitation   = "%%CITATION = ARXIV:1305.1467;%%"
}

@article{Acharya:2018yhg,
      author         = "Acharya, Shreyasi and others",
      title          = "{Neutral pion and $\eta$ meson production at mid-rapidity
                        in Pb-Pb collisions at $\sqrt{s_{NN}}$ = 2.76 TeV}",
      collaboration  = "ALICE",
      journal        = "Phys. Rev.",
      year           = "2018",
      doi            = "10.1103/PhysRevC.98.044901",
      note           = "[Phys. Rev.C98,044901(2018)]",
      eprint         = "1803.05490",
      archivePrefix  = "arXiv",
      primaryClass   = "nucl-ex",
      reportNumber   = "CERN-EP-2018-040",
      SLACcitation   = "%%CITATION = ARXIV:1803.05490;%%"
}

@article{Sirunyan:2018fhl,
      author         = "Sirunyan, Albert M and others",
      title          = "{Evidence for light-by-light scattering and searches for
                        axion-like particles in ultraperipheral PbPb collisions at
                        $\sqrt{s_\mathrm{NN}} =$ 5.02 TeV}",
      collaboration  = "CMS",
      year           = "2018",
      eprint         = "1810.04602",
      archivePrefix  = "arXiv",
      primaryClass   = "hep-ex",
      reportNumber   = "CMS-FSQ-16-012, CERN-EP-2018-271",
      SLACcitation   = "%%CITATION = ARXIV:1810.04602;%%"
}

@article{Bardin:2009gq,
      author         = "Bardin, D. and Kalinovskaya, L. and Uglov, E.",
      title          = "{Standard Model light-by-light scattering in SANC:
                        analytic and numeric evaluation}",
      journal        = "Phys. Atom. Nucl.",
      volume         = "73",
      year           = "2010",
      pages          = "1878-1888",
      doi            = "10.1134/S1063778810110098",
      eprint         = "0911.5634",
      archivePrefix  = "arXiv",
      primaryClass   = "hep-ph",
      SLACcitation   = "%%CITATION = ARXIV:0911.5634;%%"
}

@article{Klusek-Gawenda:2013rtu,
      author         = "K{\l}usek-Gawenda, Mariola and Szczurek, Antoni",
      title          = "{$\pi^+ \pi^-$ and $\pi^0 \pi^0$ pair production in
                        photon-photon and in ultraperipheral ultrarelativistic
                        heavy ion collisions}",
      journal        = "Phys. Rev.",
      volume         = "C87",
      year           = "2013",
      number         = "5",
      pages          = "054908",
      doi            = "10.1103/PhysRevC.87.054908",
      eprint         = "1302.4204",
      archivePrefix  = "arXiv",
      primaryClass   = "nucl-th",
      SLACcitation   = "%%CITATION = ARXIV:1302.4204;%%"
}

@article{Jikia:1993tc,
      author         = "Jikia, G. and Tkabladze, A.",
      title          = "{Photon-photon scattering at the photon linear collider}",
      journal        = "Phys. Lett.",
      volume         = "B323",
      year           = "1994",
      pages          = "453-458",
      doi            = "10.1016/0370-2693(94)91246-7",
      eprint         = "hep-ph/9312228",
      archivePrefix  = "arXiv",
      primaryClass   = "hep-ph",
      reportNumber   = "IFVE-93-89",
      SLACcitation   = "%%CITATION = HEP-PH/9312228;%%"
}

@article{Bern:2001dg,
      author         = "Bern, Z. and De Freitas, A. and Dixon, Lance J. and
                        Ghinculov, A. and Wong, H. L.",
      title          = "{QCD and QED corrections to light by light scattering}",
      journal        = "JHEP",
      volume         = "11",
      year           = "2001",
      pages          = "031",
      doi            = "10.1088/1126-6708/2001/11/031",
      eprint         = "hep-ph/0109079",
      archivePrefix  = "arXiv",
      primaryClass   = "hep-ph",
      reportNumber   = "SLAC-PUB-8974, UCLA-01-TEP-18",
      SLACcitation   = "%%CITATION = HEP-PH/0109079;%%"
}


@article{Kryshen:2017jfz,
      author         = "Kryshen, E. L.",
      title          = "{Photoproduction of heavy vector mesons in
                        ultra-peripheral Pb-Pb collisions}",
      booktitle      = "{Proceedings, 26th International Conference on
                        Ultra-relativistic Nucleus-Nucleus Collisions (Quark
                        Matter 2017): Chicago, Illinois, USA, February 5-11,
                        2017}",
      collaboration  = "ALICE",
      journal        = "Nucl. Phys.",
      volume         = "A967",
      year           = "2017",
      pages          = "273-276",
      doi            = "10.1016/j.nuclphysa.2017.05.083",
      eprint         = "1705.06872",
      archivePrefix  = "arXiv",
      primaryClass   = "nucl-ex",
      SLACcitation   = "%%CITATION = ARXIV:1705.06872;%%"
}

@article{Klusek-Gawenda:2017lgt,
        author         = "K{\l}usek-Gawenda, Mariola and Lebiedowicz, Piotr and
        Nachtmann, Otto and Szczurek, Antoni",
        title          = "{From the $\gamma \gamma \to p \bar{p}$ reaction to the
                production of $p \bar{p}$ pairs in ultraperipheral
                ultrarelativistic heavy-ion collisions at the LHC}",
        journal        = "Phys. Rev.",
        volume         = "D96",
        year           = "2017",
        number         = "9",
        pages          = "094029",
        doi            = "10.1103/PhysRevD.96.094029",
        eprint         = "1708.09836",
        archivePrefix  = "arXiv",
        primaryClass   = "hep-ph",
        SLACcitation   = "%%CITATION = ARXIV:1708.09836;%%"
}

@article{Diehl:2002yh,
      author         = "Diehl, M. and Kroll, P. and Vogt, C.",
      title          = "{Two photon annihilation into baryon anti-baryon pairs}",
      journal        = "Eur. Phys. J.",
      volume         = "C26",
      year           = "2003",
      pages          = "567-577",
      doi            = "10.1140/epjc/s2002-01075-4",
      eprint         = "hep-ph/0206288",
      archivePrefix  = "arXiv",
      primaryClass   = "hep-ph",
      reportNumber   = "WU-B-02-06, NORDITA-2002-15-HE",
      SLACcitation   = "%%CITATION = HEP-PH/0206288;%%"
}

@article{Kuo:2005nr,
      author         = "Kuo, Chen-Cheng and others",
      title          = "{Measurement of $\gamma \gamma \to$ p anti-p production at
                        Belle}",
      collaboration  = "Belle",
      journal        = "Phys. Lett.",
      volume         = "B621",
      year           = "2005",
      pages          = "41-55",
      doi            = "10.1016/j.physletb.2005.06.036",
      eprint         = "hep-ex/0503006",
      archivePrefix  = "arXiv",
      primaryClass   = "hep-ex",
      reportNumber   = "BELLE-PREPRINT-2005-5, KEK-PREPRINT-2004-101",
      SLACcitation   = "%%CITATION = HEP-EX/0503006;%%"
}

@article{Baldenegro:2018hng,
      author         = "Baldenegro, C. and Fichet, S. and Von Gersdorff, G. and
                        Royon, C.",
      title          = "{Searching for axion-like particles with proton tagging
                        at the LHC}",
      journal        = "JHEP",
      volume         = "06",
      year           = "2018",
      pages          = "131",
      doi            = "10.1007/JHEP06(2018)131",
      eprint         = "1803.10835",
      archivePrefix  = "arXiv",
      primaryClass   = "hep-ph",
      SLACcitation   = "%%CITATION = ARXIV:1803.10835;%%"
}

@article{Read:2002hq,
      author         = "Read, Alexander L.",
      title          = "{Presentation of search results: The CL(s) technique}",
      booktitle      = "{Advanced Statistical Techniques in Particle Physics.
                        Proceedings, Conference, Durham, UK, March 18-22, 2002}",
      journal        = "J. Phys.",
      volume         = "G28",
      year           = "2002",
      pages          = "2693-2704",
      doi            = "10.1088/0954-3899/28/10/313",
      SLACcitation   = "%%CITATION = JPAGA,G28,2693;%%"
}

@inproceedings{Knapen:2017ebd,
      author         = "Knapen, Simon and Lin, Tongyan and Lou, Hou Keong and
                        Melia, Tom",
      title          = "{LHC limits on axion-like particles from heavy-ion
                        collisions}",
      booktitle      = "{Photon 2017: International Conference on the Structure
                        and the Interactions of the Photon and 22th International
                        Workshop on Photon-Photon Collisions and the International
                        Workshop on High Energy Photon Colliders CERN, Geneva,
                        Switzerland, May 22-26, 2017}",
      year           = "2017",
      eprint         = "1709.07110",
      archivePrefix  = "arXiv",
      primaryClass   = "hep-ph",
      SLACcitation   = "%%CITATION = ARXIV:1709.07110;%%"
}

@article{Knapen:2016moh,
      author         = "Knapen, Simon and Lin, Tongyan and Lou, Hou Keong and
                        Melia, Tom",
      title          = "{Searching for Axionlike Particles with Ultraperipheral
                        Heavy-Ion Collisions}",
      journal        = "Phys. Rev. Lett.",
      volume         = "118",
      year           = "2017",
      number         = "17",
      pages          = "171801",
      doi            = "10.1103/PhysRevLett.118.171801",
      eprint         = "1607.06083",
      archivePrefix  = "arXiv",
      primaryClass   = "hep-ph",
      SLACcitation   = "%%CITATION = ARXIV:1607.06083;%%"
}

@article{Bauer:2017ris,
      author         = "Bauer, Martin and Neubert, Matthias and Thamm, Andrea",
      title          = "{Collider Probes of Axion-Like Particles}",
      journal        = "JHEP",
      volume         = "12",
      year           = "2017",
      pages          = "044",
      doi            = "10.1007/JHEP12(2017)044",
      eprint         = "1708.00443",
      archivePrefix  = "arXiv",
      primaryClass   = "hep-ph",
      reportNumber   = "MITP-17-047",
      SLACcitation   = "%%CITATION = ARXIV:1708.00443;%%"
}

@article{PhysRevLett.38.1440,
  title = {$\mathrm{CP}$ Conservation in the Presence of Pseudoparticles},
  author = {Peccei, R. D. and Quinn, Helen R.},
  journal = {Phys. Rev. Lett.},
  volume = {38},
  pages = {1440--1443},
  numpages = {0},
  year = {1977},
  month = {Jun},
  publisher = {American Physical Society},
  doi = {10.1103/PhysRevLett.38.1440},
  url = {https://link.aps.org/doi/10.1103/PhysRevLett.38.1440}
}

@article{Peccei:1977hh,
      author         = "Peccei, R. D. and Quinn, Helen R.",
      title          = "{CP Conservation in the Presence of Instantons}",
      journal        = "Phys. Rev. Lett.",
      volume         = "38",
      year           = "1977",
      pages          = "1440-1443",
      doi            = "10.1103/PhysRevLett.38.1440",
      reportNumber   = "ITP-568-STANFORD",
      SLACcitation   = "%%CITATION = PRLTA,38,1440;%%"
}

@article{Klusek-Gawenda:2016nuo,
      author         = "K{\l}usek-Gawenda, Mariola and Sch{\"a}fer, Wolfgang and
                        Szczurek, Antoni",
      title          = "{Two-gluon exchange contribution to elastic $\gamma
                        \gamma \to \gamma \gamma$ scattering and production of
                        two-photons in ultraperipheral ultrarelativistic heavy ion
                        and proton-proton collisions}",
      journal        = "Phys. Lett.",
      volume         = "B761",
      year           = "2016",
      pages          = "399-407",
      doi            = "10.1016/j.physletb.2016.08.059",
      eprint         = "1606.01058",
      archivePrefix  = "arXiv",
      primaryClass   = "hep-ph",
      SLACcitation   = "%%CITATION = ARXIV:1606.01058;%%"
}

@article{Klusek-Gawenda:2016euz,
      author         = "K{\l}usek-Gawenda, Mariola and Lebiedowicz, Piotr and
                        Szczurek, Antoni",
      title          = "{Light-by-light scattering in ultraperipheral Pb-Pb
                        collisions at energies available at the CERN Large Hadron
                        Collider}",
      journal        = "Phys. Rev.",
      volume         = "C93",
      year           = "2016",
      number         = "4",
      pages          = "044907",
      doi            = "10.1103/PhysRevC.93.044907",
      eprint         = "1601.07001",
      archivePrefix  = "arXiv",
      primaryClass   = "nucl-th",
      SLACcitation   = "%%CITATION = ARXIV:1601.07001;%%"
}

@article{dEnterria:2013zqi,
      author         = "d'Enterria, David and da Silveira, Gustavo G.",
      title          = "{Observing light-by-light scattering at the Large Hadron
                        Collider}",
      journal        = "Phys. Rev. Lett.",
      volume         = "111",
      year           = "2013",
      pages          = "080405",
      doi            = "10.1103/PhysRevLett.111.080405,
                        10.1103/PhysRevLett.116.129901",
      note           = "[Erratum: Phys. Rev. Lett.116,no.12,129901(2016)]",
      eprint         = "1305.7142",
      archivePrefix  = "arXiv",
      primaryClass   = "hep-ph",
      SLACcitation   = "%%CITATION = ARXIV:1305.7142;%%"
}

@article{Klusek-Gawenda:2018ijg,
      author         = "K{\l}usek-Gawenda, Mariola",
      title          = "{Importance of mesons in light-by-light scattering in
                        ultraperipheral lead-lead collisions at the LHC}",
      booktitle      = "{15th International Workshop on Meson Physics (MESON
                        2018) Krak{\'o}w, Poland, June 7-12, 2018}",
      year           = "2018",
      eprint         = "1809.03823",
      archivePrefix  = "arXiv",
      primaryClass   = "hep-ph",
      SLACcitation   = "%%CITATION = ARXIV:1809.03823;%%"
}


@article{Aaboud:2017bwk,
      author         = "{ATLAS Collaboration}",
      title          = "{Evidence for light-by-light scattering in heavy-ion
                        collisions with the ATLAS detector at the LHC}",
      collaboration  = "ATLAS",
      journal        = "Nature Phys.",
      volume         = "13",
      year           = "2017",
      number         = "9",
      pages          = "852-858",
      doi            = "10.1038/nphys4208",
      eprint         = "1702.01625",
      archivePrefix  = "arXiv",
      primaryClass   = "hep-ex",
      reportNumber   = "CERN-EP-2016-316",
      SLACcitation   = "%%CITATION = ARXIV:1702.01625;%%"
}

@article{Barrett:1977,
      author         = "Barrett, R. C. and Jackson, D. F.",
      title          = "{Nuclear Sizes and Structure}",
      journal        = "United Kingdom: Clarendon Press",
      year           = "1977",
}

@article{Bertulani:2005ru,
      author         = "Bertulani, Carlos A. and Klein, Spencer R. and Nystrand,
                        Joakim",
      title          = "{Physics of ultra-peripheral nuclear collisions}",
      journal        = "Ann. Rev. Nucl. Part. Sci.",
      volume         = "55",
      year           = "2005",
      pages          = "271-310",
      doi            = "10.1146/annurev.nucl.55.090704.151526",
      eprint         = "nucl-ex/0502005",
      archivePrefix  = "arXiv",
      primaryClass   = "nucl-ex",
      SLACcitation   = "%%CITATION = NUCL-EX/0502005;%%"
}

@article{Bauer:2017ris,
      author         = "Bauer, Martin and Neubert, Matthias and Thamm, Andrea",
      title          = "{Collider Probes of Axion-Like Particles}",
      journal        = "JHEP",
      volume         = "12",
      year           = "2017",
      pages          = "044",
      doi            = "10.1007/JHEP12(2017)044",
      eprint         = "1708.00443",
      archivePrefix  = "arXiv",
      primaryClass   = "hep-ph",
      reportNumber   = "MITP-17-047",
      SLACcitation   = "%%CITATION = ARXIV:1708.00443;%%"
}

@unpublished{Dembinski:2018UHECR,
    title = {Report on Tests and Measurements of Hadronic Interaction Properties with Air Showers},
    author = {H.P. Dembinski and J.C. Arteaga and L. Cazon and R. {Concei\c{c}\~{a}o} and J. Gonzalez and Y. Itow and D. Ivanov and N.N. Kalmykov and I. Karpikov and T. Pierog and F. Riehn and T. Sako and D. Soldin and R. Takeishi and G. Thomson and S. Troitsky and I. Yashin and E. Zadeba and Y. Zhezher},
    year = {2018},
    note = {UHECR 2018, Paris, France},
    URL = {https://indico.in2p3.fr/event/17063/contributions/64367/attachments/50418/64331/dembinski_whisp_report.pdf},
}

@article{Ulrich:2010rg,
      author         = "Ulrich, Ralf and Engel, Ralph and Unger, Michael",
      title          = "{Hadronic Multiparticle Production at Ultra-High Energies
                        and Extensive Air Showers}",
      journal        = "Phys. Rev.",
      volume         = "D83",
      year           = "2011",
      pages          = "054026",
      doi            = "10.1103/PhysRevD.83.054026",
      eprint         = "1010.4310",
      archivePrefix  = "arXiv",
      primaryClass   = "hep-ph",
      SLACcitation   = "%%CITATION = ARXIV:1010.4310;%%"
}

@article{Abbasi:2018fkz,
      author         = "Abbasi, R. U. and others",
      title          = "{Study of muons from ultrahigh energy cosmic ray air
                        showers measured with the Telescope Array experiment}",
      collaboration  = "Telescope Array",
      journal        = "Phys. Rev.",
      volume         = "D98",
      year           = "2018",
      number         = "2",
      pages          = "022002",
      doi            = "10.1103/PhysRevD.98.022002",
      eprint         = "1804.03877",
      archivePrefix  = "arXiv",
      primaryClass   = "astro-ph.HE",
      SLACcitation   = "%%CITATION = ARXIV:1804.03877;%%"
}


@article{dEnterria:2018kcz,
      author         = "d'Enterria, David and Pierog, Tanguy and Sun, Guanhao",
      title          = "{Impact of QCD jets and heavy-quark production in
                        cosmic-ray proton atmospheric showers up to 10$^{20}$ eV}",
      year           = "2018",
      eprint         = "1809.06406",
      archivePrefix  = "arXiv",
      primaryClass   = "astro-ph.HE",
      SLACcitation   = "%%CITATION = ARXIV:1809.06406;%%"
}


@inproceedings{Kim:2018ink,
      author         = "Kim, Beomkyu",
      title          = "{ALICE results on system-size dependence of
                        charged-particle multiplicity density in p-Pb, Pb-Pb and
                        Xe-Xe collisions}",
      booktitle      = "{27th International Conference on Ultrarelativistic
                        Nucleus-Nucleus Collisions (Quark Matter 2018) Venice,
                        Italy, May 14-19, 2018}",
      collaboration  = "ALICE",
      journal        = "Submitted to: Nucl. Phys.",
      year           = "2018",
      eprint         = "1807.09061",
      archivePrefix  = "arXiv",
      primaryClass   = "hep-ex",
      SLACcitation   = "%%CITATION = ARXIV:1807.09061;%%"
}

@article{ALICE:2017jyt,
      author         = "Adam, Jaroslav and others",
      title          = "{Enhanced production of multi-strange hadrons in
                        high-multiplicity proton-proton collisions}",
      collaboration  = "ALICE",
      journal        = "Nature Phys.",
      volume         = "13",
      year           = "2017",
      pages          = "535-539",
      doi            = "10.1038/nphys4111",
      eprint         = "1606.07424",
      archivePrefix  = "arXiv",
      primaryClass   = "nucl-ex",
      reportNumber   = "CERN-EP-2016-153",
      SLACcitation   = "%%CITATION = ARXIV:1606.07424;%%"
}

@article{Toia:2014wia,
      author         = "Toia, Alberica",
      title          = "{ALICE Measurements in p-Pb Collisions: Charged Particle
                        Multiplicity, Centrality Determination and implications
                        for Binary Scaling}",
      booktitle      = "{Proceedings, International Conference on the Initial
                        Stages in High-Energy Nuclear Collisions (IS2013): Illa de
                        Arousa, Galicia - Spain, September 8-14, 2013}",
      collaboration  = "ALICE",
      journal        = "Nucl. Phys.",
      volume         = "A926",
      year           = "2014",
      pages          = "78-84",
      doi            = "10.1016/j.nuclphysa.2014.03.020",
      eprint         = "1403.5143",
      archivePrefix  = "arXiv",
      primaryClass   = "nucl-ex",
      SLACcitation   = "%%CITATION = ARXIV:1403.5143;%%"
}

@article{Aaij:2018okq,
      author         = "Aaij, Roel and others",
      title          = "{Measurement of the inelastic $pp$ cross-section at a
                        centre-of-mass energy of 13 TeV}",
      collaboration  = "LHCb",
      journal        = "JHEP",
      volume         = "06",
      year           = "2018",
      pages          = "100",
      doi            = "10.1007/JHEP06(2018)100",
      eprint         = "1803.10974",
      archivePrefix  = "arXiv",
      primaryClass   = "hep-ex",
      reportNumber   = "LHCb-PAPER-2018-003, CERN-EP-2018-044,
                        LHCB-PAPER-2018-003",
      SLACcitation   = "%%CITATION = ARXIV:1803.10974;%%"
}

@article{Aaij:2017cqq,
      author         = "Aaij, R. and others",
      title          = "{Prompt and nonprompt J/$\psi$ production and nuclear
                        modification in $p$Pb collisions at $\sqrt{s_{\text{NN}}}=
                        8.16$ TeV}",
      collaboration  = "LHCb",
      journal        = "Phys. Lett.",
      volume         = "B774",
      year           = "2017",
      pages          = "159-178",
      doi            = "10.1016/j.physletb.2017.09.058",
      eprint         = "1706.07122",
      archivePrefix  = "arXiv",
      primaryClass   = "hep-ex",
      reportNumber   = "LHCB-PAPER-2017-014, CERN-EP-2017-122",
      SLACcitation   = "%%CITATION = ARXIV:1706.07122;%%"
}


@article{Kampert_cr_review,
      author         = "Kampert, Karl-Heinz and Unger, Michael",
      title          = "{Measurements of the Cosmic Ray Composition with Air Shower Experiments}",
      journal        = "Astropart. Phys.",
      volume         = "35",
      year           = "2012",
      pages          = "660-678",
      doi            = "10.1016/j.astropartphys.2012.02.004",
      eprint         = "1201.0018",
      archivePrefix  = "arXiv",
      primaryClass   = "astro-ph.HE",
      SLACcitation   = "%%CITATION = ARXIV:1201.0018;%%"
}

@article{IceCube:2018dnn,
      author         = "{Liverpool Telescope} and MAGIC and {H.E.S.S.} and AGILE and Kiso and
                        {VLA/17B-403} and INTEGRAL and Kapteyn and Subaru and HAWC and Fermi-LAT and
                        ASAS-SN and VERITAS and Kanata and IceCube and {Swift NuSTAR}",
      title          = "{Multimessenger observations of a flaring blazar
                        coincident with high-energy neutrino IceCube-170922A}",
      collaboration  = "Liverpool Telescope, MAGIC, H.E.S.S., AGILE, Kiso,
                        VLA/17B-403, INTEGRAL, Kapteyn, Subaru, HAWC, Fermi-LAT,
                        ASAS-SN, VERITAS, Kanata, IceCube, Swift NuSTAR",
      journal        = "Science",
      volume         = "361",
      year           = "2018",
      number         = "6398",
      pages          = "eaat1378",
      doi            = "10.1126/science.aat1378",
      eprint         = "1807.08816",
      archivePrefix  = "arXiv",
      primaryClass   = "astro-ph.HE",
      SLACcitation   = "%%CITATION = ARXIV:1807.08816;%%"
}

@article{Werner:2005jf,
      author         = "Werner, Klaus and Liu, Fu-Ming and Pierog, Tanguy",
      title          = "{Parton ladder splitting and the rapidity dependence of
                        transverse momentum spectra in deuteron-gold collisions at
                        RHIC}",
      journal        = "Phys. Rev.",
      volume         = "C74",
      year           = "2006",
      pages          = "044902",
      doi            = "10.1103/PhysRevC.74.044902",
      eprint         = "hep-ph/0506232",
      archivePrefix  = "arXiv",
      primaryClass   = "hep-ph",
      SLACcitation   = "%%CITATION = HEP-PH/0506232;%%"
}

@article{Ostapchenko:2005nj,
      author         = "Ostapchenko, S.",
      title          = "{Nonlinear screening effects in high energy hadronic
                        interactions}",
      journal        = "Phys. Rev.",
      volume         = "D74",
      year           = "2006",
      number         = "1",
      pages          = "014026",
      doi            = "10.1103/PhysRevD.74.014026",
      eprint         = "hep-ph/0505259",
      archivePrefix  = "arXiv",
      primaryClass   = "hep-ph",
      SLACcitation   = "%%CITATION = HEP-PH/0505259;%%"
}

@article{Ostapchenko:2010vb,
      author         = "Ostapchenko, Sergey",
      title          = "{Monte Carlo treatment of hadronic interactions in
                        enhanced Pomeron scheme: I. QGSJET-II model}",
      journal        = "Phys. Rev.",
      volume         = "D83",
      year           = "2011",
      pages          = "014018",
      doi            = "10.1103/PhysRevD.83.014018",
      eprint         = "1010.1869",
      archivePrefix  = "arXiv",
      primaryClass   = "hep-ph",
      SLACcitation   = "%%CITATION = ARXIV:1010.1869;%%"
}

@article{Riehn:2017mfm,
      author         = "Riehn, Felix and Dembinski, Hans P. and Engel, Ralph and
                        Fedynitch, Anatoli and Gaisser, Thomas K. and Stanev,
                        Todor",
      title          = "{The hadronic interaction model SIBYLL 2.3c and Feynman
                        scaling}",
      booktitle      = "{Proceedings,  35th International Cosmic Ray Conference
                        (ICRC 2017): Bexco, Busan, Korea, July 12-20, 2017}",
      journal        = "PoS",
      volume         = "ICRC2017",
      year           = "2017",
      pages          = "301",
      eprint         = "1709.07227",
      archivePrefix  = "arXiv",
      primaryClass   = "hep-ph",
      SLACcitation   = "%%CITATION = ARXIV:1709.07227;%%"
}

@article{Aab:2014pza,
      author         = "Aab, Alexander and others",
      title          = "{Muons in air showers at the Pierre Auger Observatory: Mean number in highly inclined events}",
      collaboration  = "Pierre Auger",
      journal        = "Phys. Rev.",
      volume         = "D91",
      year           = "2015",
      number         = "3",
      pages          = "032003",
      doi            = "10.1103/PhysRevD.91.059901, 10.1103/PhysRevD.91.032003",
      note           = "[Erratum: Phys. Rev.D91,no.5,059901(2015)]",
      eprint         = "1408.1421",
      archivePrefix  = "arXiv",
      primaryClass   = "astro-ph.HE",
      reportNumber   = "FERMILAB-PUB-14-290-AD-AE-E-TD",
      SLACcitation   = "%%CITATION = ARXIV:1408.1421;%%"
}

@inproceedings{Dembinski:2017zkb,
      author         = "Dembinski, Hans",
      title          = "{Investigating cosmic rays and air shower physics with
                        IceCube/IceTop}",
      booktitle      = "{Proceedings, 19th International Symposium on Very High
                        Energy Cosmic Ray Interactions (ISVHECRI 2016): Moscow,
                        Russia, August 22-27, 2016}",
      collaboration  = "IceCube",
      journal        = "EPJ Web Conf.",
      volume         = "145",
      year           = "2017",
      pages          = "01003",
      doi            = "10.1051/epjconf/201614501003",
      SLACcitation   = "%%CITATION = 00776,145,01003;%%"
}

@article{Kokoulin:2009zz,
      author         = "Kokoulin, R. P. and Bogdanov, A. G. and Mannocchi, G. and
                        Petrukhin, A. A. and Saavedra, O. and Shutenko, V. V. and
                        Trinchero, G. and Yashin, I. I.",
      title          = "{Local muon density spectra at large zenith angles as a
                        probe of high-energy hadronic interaction models}",
      booktitle      = "{Proceedings, 15th International Symposium on Very High
                        Energy Cosmic Ray Interactions (ISVHECRI 2008): Paris,
                        France, September 1-6, 2008}",
      journal        = "Nucl. Phys. Proc. Suppl.",
      volume         = "196",
      year           = "2009",
      pages          = "106-109",
      doi            = "10.1016/j.nuclphysbps.2009.09.018",
      SLACcitation   = "%%CITATION = NUPHZ,196,106;%%"
}

@article{AbuZayyad:1999xa,
      author         = "Abu-Zayyad, T. and others",
      title          = "{Evidence for Changing of Cosmic Ray Composition between 10**17-eV and 10**18-eV from Multicomponent Measurements}",
      collaboration  = "MIA, HiRes",
      journal        = "Phys. Rev. Lett.",
      volume         = "84",
      year           = "2000",
      pages          = "4276-4279",
      doi            = "10.1103/PhysRevLett.84.4276",
      eprint         = "astro-ph/9911144",
      archivePrefix  = "arXiv",
      primaryClass   = "astro-ph",
      SLACcitation   = "%%CITATION = ASTRO-PH/9911144;%%"
}

@article{Aab:2014dua,
      author         = "Aab, Alexander and others",
      title          = "{Muons in air showers at the Pierre Auger Observatory:
                        Measurement of atmospheric production depth}",
      collaboration  = "Pierre Auger",
      journal        = "Phys. Rev.",
      volume         = "D90",
      year           = "2014",
      number         = "1",
      pages          = "012012",
      doi            = "10.1103/PhysRevD.92.019903, 10.1103/PhysRevD.90.012012,
                        10.1103/PhysRevD.90.039904",
      note           = "[Erratum: Phys. Rev.D92,no.1,019903(2015)]",
      eprint         = "1407.5919",
      archivePrefix  = "arXiv",
      primaryClass   = "hep-ex",
      reportNumber   = "FERMILAB-PUB-14-246-AD-AE-CD-TD",
      SLACcitation   = "%%CITATION = ARXIV:1407.5919;%%"
}

@article{Aaij:2018svt,
      author         = "Aaij, Roel and others",
      title          = "{Measurement of antiproton production in ${\rm p He}$
                        collisions at $\sqrt{s_{NN}}=110$ GeV}",
      collaboration  = "LHCb",
      journal        = "Submitted to: Phys. Rev. Lett.",
      year           = "2018",
      eprint         = "1808.06127",
      archivePrefix  = "arXiv",
      primaryClass   = "hep-ex",
      reportNumber   = "LHCb-PAPER-2018-031, CERN-EP-2018-217",
      SLACcitation   = "%%CITATION = ARXIV:1808.06127;%%"
}

@article{Aaij:2018ogq,
      author         = "Aaij, Roel and others",
      title          = "{First measurement of charm production in fixed-target
                        configuration at the LHC}",
      collaboration  = "LHCb",
      journal        = "Submitted to: Phys. Rev. Lett.",
      year           = "2018",
      eprint         = "1810.07907",
      archivePrefix  = "arXiv",
      primaryClass   = "hep-ex",
      reportNumber   = "LHCb-PAPER-2018-023, CERN-EP-2018-266",
      SLACcitation   = "%%CITATION = ARXIV:1810.07907;%%"
}

@article{Loizides:2017ack,
      author         = "Loizides, Constantin and Kamin, Jason and d'Enterria,
                        David",
      title          = "{Improved Monte Carlo Glauber predictions at present and
                        future nuclear colliders}",
      journal        = "Phys. Rev.",
      volume         = "C97",
      year           = "2018",
      number         = "5",
      pages          = "054910",
      doi            = "10.1103/PhysRevC.97.054910",
      eprint         = "1710.07098",
      archivePrefix  = "arXiv",
      primaryClass   = "nucl-ex",
      SLACcitation   = "%%CITATION = ARXIV:1710.07098;%%"
}

%%LHCb part




@article{AMS02,
      author         = "Kounine, Andrei",
      title          = "{The Alpha Magnetic Spectrometer on the International
                        Space Station}",
      journal        = "Int. J. Mod. Phys.",
      volume         = "E21",
      year           = "2012",
      number         = "08",
      pages          = "1230005",
      doi            = "10.1142/S0218301312300056",
      SLACcitation   = "%%CITATION = IMPAE,E21,1230005;%%"
}


@article{Pamela,
      author         = "Bonvicini, V. and others",
      title          = "{The PAMELA experiment in space}",
      booktitle      = "{Frontier detectors for frontier physics. Proceedings,
                        8th Pisa Meeting on Advanced Detectors: La Biodola, Italy,
                        May 21-27, 2000}",
      collaboration  = "PAMELA collaboration",
      journal        = "Nucl. Instrum. Meth.",
      volume         = "A461",
      year           = "2001",
      pages          = "262-268",
      doi            = "10.1016/S0168-9002(00)01221-3",
      SLACcitation   = "%%CITATION = NUIMA,A461,262;%%"
}

@article{amsPbar,
      author         = "Aguilar, M. and others",
      title          = "{Antiproton Flux, Antiproton-to-Proton Flux Ratio, and
                        Properties of Elementary Particle Fluxes in Primary Cosmic
                        Rays Measured with the Alpha Magnetic Spectrometer on the
                        International Space Station}",
      collaboration  = "AMS collaboration",
      journal        = "Phys. Rev. Lett.",
      volume         = "117",
      year           = "2016",
      pages          = "091103",
      doi            = "10.1103/PhysRevLett.117.091103",
      SLACcitation   = "%%CITATION = PRLTA,117,091103;%%"
}



@article{pamelaPbar,
author="Adriani, O. and others",
title="{Measurement of the flux of primary cosmic ray antiprotons with energies of 60 MeV to 350 GeV in the PAMELA experiment}",
collaboration  = "PAMELA collaboration",
journal="JETP Letters",
year="2013",
volume="96",
pages="621--627",
issn="1090-6487",
doi="10.1134/S002136401222002X",
url="http://dx.doi.org/10.1134/S002136401222002X"
}


@article{Anticic:2009wd,
      author         = "Anticic, T. and others",
      title          = "{Inclusive production of protons, anti-protons and
                        neutrons in p+p collisions at 158-GeV/c beam momentum}",
      collaboration  = "NA49 collaboration",
      journal        = "Eur. Phys. J.",
      volume         = "C65",
      year           = "2010",
      pages          = "9-63",
      doi            = "10.1140/epjc/s10052-009-1172-2",
      eprint         = "0904.2708",
      archivePrefix  = "arXiv",
      primaryClass   = "hep-ex",
      reportNumber   = "CERN-PH-EP-2009-006",
      SLACcitation   = "%%CITATION = ARXIV:0904.2708;%%"
}

@article{Baatar:2012fua,
      author         = "Baatar, B. and others",
      title          = "{Inclusive production of protons, anti-protons, neutrons,
                        deuterons and tritons in p+C collisions at 158 GeV/c beam
                        momentum}",
      collaboration  = "NA49 collaboration",
      journal        = "Eur. Phys. J.",
      volume         = "C73",
      year           = "2013",
      pages          = "2364",
      doi            = "10.1140/epjc/s10052-013-2364-3",
      eprint         = "1207.6520",
      archivePrefix  = "arXiv",
      primaryClass   = "hep-ex",
      reportNumber   = "CERN-PH-EP-2012-153",
      SLACcitation   = "%%CITATION = ARXIV:1207.6520;%%"
}

@article{diMauro:2014zea,
      author         = "di Mauro, Mattia and Donato, Fiorenza and Goudelis,
                        Andreas and Serpico, Pasquale Dario",
      title          = "{New evaluation of the antiproton production cross
                        section for cosmic ray studies}",
      journal        = "Phys. Rev.",
      volume         = "D90",
      year           = "2014",
      pages          = "085017",
      doi            = "10.1103/PhysRevD.90.085017",
      eprint         = "1408.0288",
      archivePrefix  = "arXiv",
      primaryClass   = "hep-ph",
      reportNumber   = "LAPTH-051-14",
      SLACcitation   = "%%CITATION = ARXIV:1408.0288;%%"
}

@article{Giesen:2015ufa,
      author         = "Giesen, Ga√´lle and Boudaud, Mathieu and G√©nolini, Yoann
                        and Poulin, Vivian and Cirelli, Marco and Salati, Pierre
                        and Serpico, Pasquale D.",
      title          = "{AMS-02 antiprotons, at last! Secondary astrophysical
                        component and immediate implications for Dark Matter}",
      journal        = "JCAP",
      volume         = "09",
      year           = "2015",
      pages          = "023",
      doi            = "10.1088/1475-7516/2015/09/023,
                        10.1088/1475-7516/2015/9/023",
      eprint         = "1504.04276",
      archivePrefix  = "arXiv",
      primaryClass   = "astro-ph.HE",
      reportNumber   = "SACLAY-T13-137, LAPTH-019-15, LAPP-EXP-2015-01",
      SLACcitation   = "%%CITATION = ARXIV:1504.04276;%%"
}

@article{Kappl:2015bqa,
      author         = "Kappl, Rolf and Reinert, Annika and Winkler, Martin
                        Wolfgang",
      title          = "{AMS-02 Antiprotons Reloaded}",
      journal        = "JCAP",
      volume         = "10",
      year           = "2015",
      pages          = "034",
      doi            = "10.1088/1475-7516/2015/10/034",
      eprint         = "1506.04145",
      archivePrefix  = "arXiv",
      primaryClass   = "astro-ph.HE",
      SLACcitation   = "%%CITATION = ARXIV:1506.04145;%%"
}
@article{na49,
      author         = "Baatar, B. and others",
      title          = "{Inclusive production of protons, anti-protons, neutrons,
                        deuterons and tritons in p+C collisions at 158 GeV/c beam
                        momentum}",
      collaboration  = "NA49 collaboration",
      journal        = "Eur. Phys. J.",
      volume         = "C73",
      year           = "2013",
      pages          = "2364",
      doi            = "10.1140/epjc/s10052-013-2364-3",
      eprint         = "1207.6520",
      archivePrefix  = "arXiv",
      primaryClass   = "hep-ex",
      reportNumber   = "CERN-PH-EP-2012-153",
      SLACcitation   = "%%CITATION = ARXIV:1207.6520;%%"
}

@misc{smogtwiki,
         note           = "\href{https://lbtwiki.cern.ch/bin/view/VELO/Smog}{lbtwiki.cern.ch/bin/view/VELO/Smog}, \href{https://lbtwiki.cern.ch/bin/view/VELO/SmogAsFixedTarget}{lbtwiki.cern.ch/bin/view/VELO/SmogAsFixedTarget}, \href{https://twiki.cern.ch/bin/view/LHCbPhysics/LumiGroupOperations2016\#May\_2016\_plan\_VDM\_BGI\_pHe\_physic}{twiki.cern.ch/bin/view/LHCbPhysics/LumiGroupOperations2016\# May\_2016\_plan\_VDM\_BGI\_pHe\_physic}, \href{https://lwiki.cern.ch/bin/view/LHCbPhysics/SmogpHe2016}{twiki.cern.ch/bin/view/LHCbPhysics/SmogpHe2016}, 

\href{https://twiki.cern.ch/bin/view/LHCbPhysics/SmogRuns}{twiki.cern.ch/bin/view/LHCbPhysics/SmogRuns}" }


@misc{trktwiki,
         note           = "\href{https://twiki.cern.ch/twiki/bin/view/LHCb/LHCbTrackingEfficiencies}{https://twiki.cern.ch/twiki/bin/view/LHCb/LHCbTrackingEfficiencies}"
}

@misc{massi,
author = "Ferro-Luzzi, Massimiliano",
title          = "Presentation at Luminosity Meeting",
note           = "\href{https://indico.cern.ch/event/558793/contributions/2254474}{Aug 22, 2016}"}

@misc{george,
author = "Coombs, George",
title          = "Presentation at Luminosity Meeting",
note           = "\href{https://indico.cern.ch/event/618545/contributions/2496418}{Mar 6, 2017}"}


@article{LHCb-ANA-2017-010,
      author        = "Maurice, Emilie Amandine and Bossu, Francesco and Fleuret,
                       Frederic Domini and Robbe, Patrick and Massacrier, Laure
                       Marie and Winn, Michael Andreas and Zhang, Yanxi",
      title         = "{Study of J/$\psi$ and $D^0$ production in pAr collisions
                       at $\sqrt{s_{NN}} = 110 GeV$}",
      month         = "Jan",
      year          = "2017",
      report        = "{LHCb-ANA-2017-010}",
      url           = "https://cds.cern.ch/record/2242882",
}


@techreport{Ferro-Luzzi:2053320,
      author        = "Ferro-Luzzi, Massimiliano",
      title         = "{Considerations about luminosity determination in LHCb
                       gaseous fixed target experiments}",
      institution   = "CERN",
      address       = "Geneva",
      number        = "LHCb-INT-2015-031. CERN-LHCb-INT-2015-031",
      month         = "Sep",
      year          = "2015",
      reportNumber  = "LHCb-INT-2015-031",
      url           = "https://cds.cern.ch/record/2053320",
}

@techreport{Ferro-Luzzi:smog_operations,
      author        = "Ferro-Luzzi, Massimiliano",
      title         = "{Report on SMOG operations in 2015 and 2016 as gaseous
                       fixed target in LHCb}",
      institution   = "CERN",
      address       = "Geneva",
      number        = "LHCb-INT-2017-xxx. CERN-LHCb-INT-2017-xxx",
      year          = "2017",
      reportNumber  = "LHCb-INT-2017-xxx",
      note         = "in preparation"
}

@techreport{massIonization,
      author        = "Ferro-Luzzi, Massimiliano",
      title         = "{Reconsideration of luminosity determination in LHCb gaseous fixed target experiments}",
      institution   = "CERN",
      address       = "Geneva",
      number        = "LHCb-INT-2017-xxx. CERN-LHCb-INT-2017-xxx",
      year          = "2017",
      reportNumber  = "LHCb-INT-2017-xxx",
      note          = "in preparation"
}

@misc{workshopTorino,
title="{The p-He cross section measurement: a physics case from cosmic rays}",
note           = "Workshop, Torino 6-7 July 2015, \href{https://agenda.infn.it/conferenceTimeTable.py?confId=9748#20150706}{Indico site}"
}




@phdthesis{smog,
      author        = "Barschel, Colin",
      title         = "{Precision luminosity measurement at LHCb with beam-gas
                       imaging}",
      school        = "RWTH Aachen U.",
      year          = "2014",
      note          = "\href{https://cds.cern.ch/record/1693671}{CERN-THESIS-2013-301}" 
}


@article{Pierog:2013ria,
      author         = "Pierog, T. and Karpenko, Iu. and Katzy, J. M. and
                        Yatsenko, E. and Werner, K.",
      title          = "{EPOS LHC: Test of collective hadronization with data
                        measured at the CERN Large Hadron Collider}",
      journal        = "Phys. Rev.",
      volume         = "C92",
      year           = "2015",
      pages          = "034906",
      doi            = "10.1103/PhysRevC.92.034906",
      eprint         = "1306.0121",
      archivePrefix  = "arXiv",
      primaryClass   = "hep-ph",
      reportNumber   = "DESY-13-125",
      SLACcitation   = "%%CITATION = ARXIV:1306.0121;%%"
}


@article{LHCb-2011-025,
      author        = "Jaeger,A. and Seyfert, P. and  De Cian, M. and Wandernoth, S. 
                        and Tilburg, J. and Hansmann-Menzemer, S",
      title         = "Measurement of the track finding efficiency",
      year          = "2011",
      reportNumber  = "LHCb-2011-025",
      url           = "https://cds.cern.ch/record/1402577",
}

@techreport{LHCb-PUB-2016-005,
      author        = "Lupton, Olli and Anderlini, Lucio and Sciascia, Barbara
                       and Gligorov, Vladimir",
      title         = "{Calibration samples for particle identification at LHCb
                       in Run 2}",
      institution   = "CERN",
      address       = "Geneva",
      number        = "LHCb-PUB-2016-005. CERN-LHCb-PUB-2016-005",
      month         = "Mar",
      year          = "2016",
      reportNumber  = "LHCb-PUB-2016-005",
      url           = "https://cds.cern.ch/record/2134057",
}

@article{Maltoni:2006yp,
      author         = "Maltoni, F. and others",
      title          = "{Analysis of charmonium production at fixed-target
                        experiments in the NRQCD approach}",
      journal        = "Phys. Lett.",
      volume         = "B638",
      year           = "2006",
      pages          = "202-208",
      doi            = "10.1016/j.physletb.2006.05.010",
      eprint         = "hep-ph/0601203",
      archivePrefix  = "arXiv",
      primaryClass   = "hep-ph",
      SLACcitation   = "%%CITATION = HEP-PH/0601203;%%"
}

@misc{oscar,
author = "Adriani, Oscar",
title          = "{Cosmic Rays, future}",
note           = " \href{https://agenda.infn.it/materialDisplay.py?contribId=31&materialId=slides&confId=9191}{presentation at the "Hadron Physics and Non Perturbative QCD 2015" Workshop  - Cortona, Italy}"
}

@misc{lorenzo,
author = "Bonechi, Lorenzo and others",
title          = "{Measurement of the production cross section of anti-protons in proton -light ion collisions exploiting the LHCbSMOG system}",
note           = "\href{https://indico.cern.ch/event/327682/contributions/761764/attachments/636862/876597/20150512_LHCb_antiproton_SMOG.pdf}{Presentation at the Tuesday Meeting, }"
}
@article{Rosenbluth:1950yq,
      author         = "Rosenbluth, M. N.",
      title          = "{High Energy Elastic Scattering of Electrons on Protons}",
      journal        = "Phys. Rev.",
      volume         = "79",
      year           = "1950",
      pages          = "615-619",
      doi            = "10.1103/PhysRev.79.615",
      SLACcitation   = "%%CITATION = PHRVA,79,615;%%"
}

@article{Ostapchenko:2010vb,
      author         = "Ostapchenko, Sergey",
      title          = "{Monte Carlo treatment of hadronic interactions in
                        enhanced Pomeron scheme: I. QGSJET-II model}",
      journal        = "Phys. Rev.",
      volume         = "D83",
      year           = "2011",
      pages          = "014018",
      doi            = "10.1103/PhysRevD.83.014018",
      eprint         = "1010.1869",
      archivePrefix  = "arXiv",
      primaryClass   = "hep-ph",
      SLACcitation   = "%%CITATION = ARXIV:1010.1869;%%"
}


@article{Pierog:2009zt,
      author         = "Pierog, T. and Werner, K.",
      title          = "{EPOS Model and Ultra High Energy Cosmic Rays}",
      booktitle      = "{Proceedings, 15th International Symposium on Very High
                        Energy Cosmic Ray Interactions (ISVHECRI 2008): Paris,
                        France, September 1-6, 2008}",
      journal        = "Nucl. Phys. Proc. Suppl.",
      volume         = "196",
      year           = "2009",
      pages          = "102-105",
      doi            = "10.1016/j.nuclphysbps.2009.09.017",
      eprint         = "0905.1198",
      archivePrefix  = "arXiv",
      primaryClass   = "hep-ph",
      SLACcitation   = "%%CITATION = ARXIV:0905.1198;%%"
}

@article{Gyulassy:1994ew,
      author         = "Gyulassy, Miklos and Wang, Xin-Nian",
      title          = "{HIJING 1.0: A Monte Carlo program for parton and
                        particle production in high-energy hadronic and nuclear
                        collisions}",
      journal        = "Comput. Phys. Commun.",
      volume         = "83",
      year           = "1994",
      pages          = "307",
      doi            = "10.1016/0010-4655(94)90057-4",
      eprint         = "nucl-th/9502021",
      archivePrefix  = "arXiv",
      primaryClass   = "nucl-th",
      reportNumber   = "LBL-34246",
      SLACcitation   = "%%CITATION = NUCL-TH/9502021;%%"
}

@article{Kachelriess:2015wpa,
      author         = "Kachelriess, Michael and Moskalenko, Igor V. and
                        Ostapchenko, Sergey S.",
      title          = "{New calculation of antiproton production by cosmic ray
                        protons and nuclei}",
      journal        = "Astrophys. J.",
      volume         = "803",
      year           = "2015",
      number         = "2",
      pages          = "54",
      doi            = "10.1088/0004-637X/803/2/54",
      eprint         = "1502.04158",
      archivePrefix  = "arXiv",
      primaryClass   = "astro-ph.HE",
      SLACcitation   = "%%CITATION = ARXIV:1502.04158;%%"
}

@article{Gramolin:2014pva,
      author         = "Gramolin, A. V. and Fadin, V. S. and Feldman, A. L. and
                        Gerasimov, R. E. and Nikolenko, D. M. and Rachek, I. A.
                        and Toporkov, D. K.",
      title          = "{A new event generator for the elastic scattering of
                        charged leptons on protons}",
      journal        = "J. Phys.",
      volume         = "G41",
      year           = "2014",
      number         = "11",
      pages          = "115001",
      doi            = "10.1088/0954-3899/41/11/115001",
      eprint         = "1401.2959",
      archivePrefix  = "arXiv",
      primaryClass   = "nucl-ex",
      SLACcitation   = "%%CITATION = ARXIV:1401.2959;%%"
}

@article{PhysRevC.62.054320,
  title = {Radiative corrections to electron-proton scattering},
  author = {Maximon, L. C. and Tjon, J. A.},
  journal = {Phys. Rev. C},
  volume = {62},
  issue = {5},
  pages = {054320},
  numpages = {17},
  year = {2000},
  month = {Oct},
  publisher = {American Physical Society},
  doi = {10.1103/PhysRevC.62.054320},
  url = {https://link.aps.org/doi/10.1103/PhysRevC.62.054320}
}



@article{3dpdf,
      title          = "{The 3-D Structure of the Nucleon}",
      journal        = "Eur. Phys. J.",
      volume         = "A52",
      year           = "2016",
      number         = "6",
      editor         = "Anselmino, M. and Guidal, M. and Rossi P.",
      url            = "https://epja.epj.org/component/toc/?task=topic&id=591"
}

@article{Airapetian:2004yf,
      author         = "Airapetian, A. and others",
      title          = "{The HERMES polarized hydrogen and deuterium gas target
                        in the HERA electron storage ring}",
      collaboration  = "HERMES collaboration" ,
      journal        = "Nucl. Instrum. Meth.",
      volume         = "A540",
      year           = "2005",
      pages          = "68-101",
      doi            = "10.1016/j.nima.2004.11.020",
      eprint         = "physics/0408137",
      archivePrefix  = "arXiv",
      primaryClass   = "physics",
      reportNumber   = "DESY-04-128",
      SLACcitation   = "%%CITATION = PHYSICS/0408137;%%"
}

@article{Hast:1994qx,
      author         = "Hast, C. and others",
      title          = "{Test of internal Halo targets in the HERA proton ring}",
      journal        = "Nucl. Instrum. Meth.",
      volume         = "A354",
      year           = "1995",
      pages          = "224-248",
      doi            = "10.1016/0168-9002(94)01015-3",
      reportNumber   = "DESY-94-119",
      SLACcitation   = "%%CITATION = NUIMA,A354,224;%%"
}

@article{Brodsky:2012vg,
      author         = "Brodsky, S. J. and Fleuret, F. and Hadjidakis, C. and
                        Lansberg, J. P.",
      title          = "{Physics Opportunities of a Fixed-Target Experiment using
                        the LHC Beams}",
      journal        = "Phys. Rept.",
      volume         = "522",
      year           = "2013",
      pages          = "239-255",
      doi            = "10.1016/j.physrep.2012.10.001",
      eprint         = "1202.6585",
      archivePrefix  = "arXiv",
      primaryClass   = "hep-ph",
      reportNumber   = "SLAC-PUB-14878",
      SLACcitation   = "%%CITATION = ARXIV:1202.6585;%%"
}


@article{after,
      title          = "{Physics at a Fixed-Target Experiment Using the LHC Beams}",
      journal      = "Adv. High Energy Phys.",
      volume         = "2015",
      year           = "2015",
      note           = "Special Issue",
      editor        = " Lansberg, J. P. and Cavoto, G. and Hadjidakis, C and He, J. and Lorc√©, C. and Trzeciak, B."
}

@article{Kikola:2017hnp,
      author         = "Kiko≈Ça, Daniel and Echevarria, Miguel Garc√≠a and
                        Hadjidakis, Cynthia and Lansberg, Jean-Philippe and
                        Lorc√©, Cedric and Massacrier, Laure and Quintans,
                        Catarina Marques and Signori, Andrea and Trzeciak,
                        Barbara",
      title          = "{Feasibility Studies for Single Transverse-Spin Asymmetry
                        Measurements at a Fixed-Target Experiment Using the LHC
                        Proton and Lead Beams (AFTER@LHC)}",
      journal        = "Few Body Syst.",
      volume         = "58",
      year           = "2017",
      number         = "4",
      pages          = "139",
      doi            = "10.1007/s00601-017-1299-x",
      eprint         = "1702.01546",
      archivePrefix  = "arXiv",
      primaryClass   = "hep-ex",
      reportNumber   = "JLAB-THY-17-2401",
      SLACcitation   = "%%CITATION = ARXIV:1702.01546;%%"
}


@misc{FerroLuzzi:PBC2018,
  author        = "Ferro-Luzzi, M.",
  title         = "{LHC fixed target}",
  howpublished  = "Physics Beyond Colliders Annual Workshop, CERN",
  month         = "21-22 November",
  year          = "2017"
}



@article{Accardi:2012qut,
      author         = "Accardi, A. and others",
      editor         = "Deshpande, A. and Meziani, Z. E. and Qiu, J. W.",
      title          = "{Electron Ion Collider: The Next QCD Frontier}",
      journal        = "Eur. Phys. J.",
      volume         = "A52",
      year           = "2016",
      number         = "9",
      pages          = "268",
      doi            = "10.1140/epja/i2016-16268-9",
      eprint         = "1212.1701",
      archivePrefix  = "arXiv",
      primaryClass   = "nucl-ex",
      reportNumber   = "BNL-98815-2012-JA, JLAB-PHY-12-1652",
      SLACcitation   = "%%CITATION = ARXIV:1212.1701;%%"
}

@article{Hadjidakis:2018ifr,
      author         = "Hadjidakis, C. and others",
      title          = "{A Fixed-Target Programme at the LHC: Physics Case and
                        Projected Performances for Heavy-Ion, Hadron, Spin and
                        Astroparticle Studies}",
      year           = "2018",
      eprint         = "1807.00603",
      archivePrefix  = "arXiv",
      primaryClass   = "hep-ex",
      reportNumber   = "IFJPAN-IV-2018-11, JLAB-THY-18-2756, SLAC-PUB-17291",
      SLACcitation   = "%%CITATION = ARXIV:1807.00603;%%"
}

@misc{pasqualePBC,
  author        = "Di Nezza, P. and others",
  title         = "{The SMOG2 and polarised gas target proposal}",
  howpublished  = "\href{https://indico.cern.ch/event/707417/}{Physics Beyond Colliders QCD Working Group Meeting}",
  month         = "March 2nd",
  year          = "2018"
}




@article{Aramaki:2015pii,
      author         = "Aramaki, T. and others",
      title          = "{Review of the theoretical and experimental status of
                        dark matter identification with cosmic-ray antideuterons}",
      journal        = "Phys. Rept.",
      volume         = "618",
      year           = "2016",
      pages          = "1-37",
      doi            = "10.1016/j.physrep.2016.01.002",
      eprint         = "1505.07785",
      archivePrefix  = "arXiv",
      primaryClass   = "hep-ph",
      SLACcitation   = "%%CITATION = ARXIV:1505.07785;%%"
}
@article{Acharya:2017fvb,
      author         = "Acharya, Shreyasi and others",
      title          = "{Production of deuterons, tritons, $^{3}$He nuclei and
                        their antinuclei in pp collisions at
                        $\mathbf{\sqrt{{\textit s}}}$ = 0.9, 2.76 and 7 TeV}",
      collaboration  = "ALICE collaboration",
      journal        = "Phys. Rev.",
      volume         = "C97",
      year           = "2018",
      number         = "2",
      pages          = "024615",
      doi            = "10.1103/PhysRevC.97.024615",
      eprint         = "1709.08522",
      archivePrefix  = "arXiv",
      primaryClass   = "nucl-ex",
      reportNumber   = "CERN-EP-2017-255",
      SLACcitation   = "%%CITATION = ARXIV:1709.08522;%%"
}

@article{Fischer:2003xh,
      author         = "Fischer, H. G.",
      title          = "{Baryon yields, isospin effects and strangeness
                        production in elementary hadronic interactions}",
      booktitle      = "{Quark and hadron dynamics. Proceedings, Workshop,
                        Budapest, Hungary, March 3-7, 2002}",
      collaboration  = "NA49 collaboration",
      journal        = "Acta Phys. Hung.",
      volume         = "A17",
      year           = "2003",
      pages          = "369-386",
      doi            = "10.1556/APH.17.2003.2-4.20",
      SLACcitation   = "%%CITATION = APHUE,A17,369;%%"
}

@article{Reinert:2017aga,
      author         = "Reinert, Annika and Winkler, Martin Wolfgang",
      title          = "{A Precision Search for WIMPs with Charged Cosmic Rays}",
      journal        = "JCAP",
      volume         = "1801",
      year           = "2018",
      number         = "01",
      pages          = "055",
      doi            = "10.1088/1475-7516/2018/01/055",
      eprint         = "1712.00002",
      archivePrefix  = "arXiv",
      primaryClass   = "astro-ph.HE",
      reportNumber   = "NORDITA-2017-127, BONN-TH-2017-12",
      SLACcitation   = "%%CITATION = ARXIV:1712.00002;%%"
}

@article{Korsmeier:2018gcy,
  title = "{Production cross sections of cosmic antiprotons in the light of new data from the NA61 and LHCb experiments}",
  author = "Korsmeier, Michael and Donato, Fiorenza and Di Mauro, Mattia",
  journal = "Phys. Rev. D",
  volume = "97",
  issue = "10",
  pages = "103019",
  numpages = "16",
  year = "2018",
  month = "May",
  publisher = "American Physical Society",
  doi = "10.1103/PhysRevD.97.103019",
  url = "https://link.aps.org/doi/10.1103/PhysRevD.97.103019",
  eprint         = "1802.03030",
  archivePrefix  = "arXiv",
  primaryClass   = "astro-ph.HE",
  SLACcitation   = "%%CITATION = ARXIV:1802.03030;%%"
}


@article{Ulrich:2015uwb,
      author         = "Ulrich, Ralf Matthias and Baus, Colin and Engel, Ralph
                        and Fedynitch, Anatoli and Kraemer, Uwe and Pierog, Tanguy
                        and Riehn, Felix",
      title          = "{The impact of a fixed-target experiment with LHC beam
                        for astroparticle physics}",
      booktitle      = "{Proceedings, 34th International Cosmic Ray Conference
                        (ICRC 2015): The Hague, The Netherlands, July 30-August 6,
                        2015}",
      journal        = "PoS",
      volume         = "ICRC2015",
      year           = "2016",
      pages          = "407",
      doi            = "10.22323/1.236.0407",
      SLACcitation   = "%%CITATION = POSCI,ICRC2015,407;%%"
}

@article{Aab:2014pza,
      author         = "Aab, Alexander and others",
      title          = "{Muons in air showers at the Pierre Auger Observatory:
                        Mean number in highly inclined events}",
      collaboration  = "Pierre Auger collaboration",
      journal        = "Phys. Rev.",
      volume         = "D91",
      year           = "2015",
      number         = "3",
      pages          = "032003",
      doi            = "10.1103/PhysRevD.91.059901, 10.1103/PhysRevD.91.032003",
      note           = "[Erratum: Phys. Rev.D91,no.5,059901(2015)]",
      eprint         = "1408.1421",
      archivePrefix  = "arXiv",
      primaryClass   = "astro-ph.HE",
      reportNumber   = "FERMILAB-PUB-14-290-AD-AE-E-TD",
      SLACcitation   = "%%CITATION = ARXIV:1408.1421;%%"
}
@article{Aartsen:2013jdh,
      author         = "Aartsen, M. G. and others",
      title          = "{Evidence for High-Energy Extraterrestrial Neutrinos at
                        the IceCube Detector}",
      collaboration  = "IceCube collaboration",
      journal        = "Science",
      volume         = "342",
      year           = "2013",
      pages          = "1242856",
      doi            = "10.1126/science.1242856",
      eprint         = "1311.5238",
      archivePrefix  = "arXiv",
      primaryClass   = "astro-ph.HE",
      SLACcitation   = "%%CITATION = ARXIV:1311.5238;%%"
}
@article{Benzke:2017yjn,
      author         = "Benzke, M. and Garzelli, M. V. and Kniehl, B. and Kramer,
                        G. and Moch, S. and Sigl, G.",
      title          = "{Prompt neutrinos from atmospheric charm in the
                        general-mass variable-flavor-number scheme}",
      journal        = "JHEP",
      volume         = "12",
      year           = "2017",
      pages          = "021",
      doi            = "10.1007/JHEP12(2017)021",
      eprint         = "1705.10386",
      archivePrefix  = "arXiv",
      primaryClass   = "hep-ph",
      reportNumber   = "DESY-17-073",
      SLACcitation   = "%%CITATION = ARXIV:1705.10386;%%"
}
@article{Garzelli:2016xmx,
      author         = "Garzelli, M. V. and Moch, S. and Zenaiev, O. and
                        Cooper-Sarkar, A. and Geiser, A. and Lipka, K. and
                        Placakyte, R. and Sigl, G.",
      title          = "{Prompt neutrino fluxes in the atmosphere with PROSA
                        parton distribution functions}",
      collaboration  = "PROSA collaboration",
      journal        = "JHEP",
      volume         = "05",
      year           = "2017",
      pages          = "004",
      doi            = "10.1007/JHEP05(2017)004",
      eprint         = "1611.03815",
      archivePrefix  = "arXiv",
      primaryClass   = "hep-ph",
      reportNumber   = "DESY-16-152",
      SLACcitation   = "%%CITATION = ARXIV:1611.03815;%%"
}
@article{Fedynitch:2018cbl,
      author         = "Fedynitch, Anatoli and Riehn, Felix and Engel, Ralph and
                        Gaisser, Thomas K. and Stanev, Todor",
      title          = "{The hadronic interaction model Sibyll-2.3c and inclusive
                        lepton fluxes}",
      year           = "2018",
      eprint         = "1806.04140",
      archivePrefix  = "arXiv",
      primaryClass   = "hep-ph",
      reportNumber   = "DESY-18-110",
      SLACcitation   = "%%CITATION = ARXIV:1806.04140;%%"
}
@article{Laha:2016dri,
      author         = "Laha, Ranjan and Brodsky, Stanley J.",
      title          = "{IceCube can constrain the intrinsic charm of the
                        proton}",
      journal        = "Phys. Rev.",
      volume         = "D96",
      year           = "2017",
      number         = "12",
      pages          = "123002",
      doi            = "10.1103/PhysRevD.96.123002",
      eprint         = "1607.08240",
      archivePrefix  = "arXiv",
      primaryClass   = "hep-ph",
      reportNumber   = "SLAC-PUB-16771",
      SLACcitation   = "%%CITATION = ARXIV:1607.08240;%%"
}
@article{Brodsky:1980pb,
      author         = "Brodsky, S. J. and Hoyer, P. and Peterson, C. and Sakai,
                        N.",
      title          = "{The Intrinsic Charm of the Proton}",
      journal        = "Phys. Lett.",
      volume         = "93B",
      year           = "1980",
      pages          = "451-455",
      doi            = "10.1016/0370-2693(80)90364-0",
      reportNumber   = "NORDITA-80-18",
      SLACcitation   = "%%CITATION = PHLTA,93B,451;%%"
}
@article{Brodsky:2015fna,
      author         = "Brodsky, S. J. and Kusina, A. and Lyonnet, F. and
                        Schienbein, I. and Spiesberger, H. and Vogt, R.",
      title          = "{A review of the intrinsic heavy quark content of the
                        nucleon}",
      journal        = "Adv. High Energy Phys.",
      volume         = "2015",
      year           = "2015",
      pages          = "231547",
      doi            = "10.1155/2015/231547",
      eprint         = "1504.06287",
      archivePrefix  = "arXiv",
      primaryClass   = "hep-ph",
      reportNumber   = "MITP-15-027, LPSC-15-082, SLAC-PUB-16258",
      SLACcitation   = "%%CITATION = ARXIV:1504.06287;%%"
}


@article{Bednyakov:2013zta,
      author         = "Bednyakov, V. A. and Demichev, M. A. and Lykasov, G. I.
                        and Stavreva, T. and Stockton, M.",
      title          = "{Searching for intrinsic charm in the proton at the LHC}",
      journal        = "Phys. Lett.",
      volume         = "B728",
      year           = "2014",
      pages          = "602-606",
      doi            = "10.1016/j.physletb.2013.12.031",
      eprint         = "1305.3548",
      archivePrefix  = "arXiv",
      primaryClass   = "hep-ph",
      SLACcitation   = "%%CITATION = ARXIV:1305.3548;%%"
}
@article{Lipatov:2016feu,
      author         = "Lipatov, A. V. and Lykasov, G. I. and Stepanenko, {\relax
                        Yu}. {\relax Yu}. and Bednyakov, V. A.",
      title          = "{Probing proton intrinsic charm in photon or Z boson
                        production accompanied by heavy jets at the LHC}",
      journal        = "Phys. Rev.",
      volume         = "D94",
      year           = "2016",
      number         = "5",
      pages          = "053011",
      doi            = "10.1103/PhysRevD.94.053011",
      eprint         = "1606.04882",
      archivePrefix  = "arXiv",
      primaryClass   = "hep-ph",
      reportNumber   = "DESY-16-164",
      SLACcitation   = "%%CITATION = ARXIV:1606.04882;%%"
}
@article{Bailas:2015jlc,
      author         = "Bailas, G. and Goncalves, V. P.",
      title          = "{Phenomenological implications of the intrinsic charm in
                        the $Z$ boson production at the LHC}",
      journal        = "Eur. Phys. J.",
      volume         = "C76",
      year           = "2016",
      number         = "3",
      pages          = "105",
      doi            = "10.1140/epjc/s10052-016-3941-z",
      eprint         = "1512.06007",
      archivePrefix  = "arXiv",
      primaryClass   = "hep-ph",
      SLACcitation   = "%%CITATION = ARXIV:1512.06007;%%"
}
@article{Boettcher:2015sqn,
      author         = "Boettcher, Tom and Ilten, Philip and Williams, Mike",
      title          = "{Direct probe of the intrinsic charm content of the
                        proton}",
      journal        = "Phys. Rev.",
      volume         = "D93",
      year           = "2016",
      number         = "7",
      pages          = "074008",
      doi            = "10.1103/PhysRevD.93.074008",
      eprint         = "1512.06666",
      archivePrefix  = "arXiv",
      primaryClass   = "hep-ph",
      SLACcitation   = "%%CITATION = ARXIV:1512.06666;%%"
}


@unpublished{Baker:2624025,
      author        = "Baker, Sophie Katherine",
      title         = "{Anti-deuteron sensitivity studies at LHCb}",
      month         = "Jun",
      year          = "2018",
      note  = "\href{https://cds.cern.ch/record/2624025}{CERN-Poster-2018-630}",
}
@article{Aartsen:2015xup,
      author         = "Aartsen, M. G. and others",
      title          = "{Measurement of the Atmospheric $\nu_e$ Spectrum with
                        IceCube}",
      collaboration  = "IceCube collaboration",
      journal        = "Phys. Rev.",
      volume         = "D91",
      year           = "2015",
      pages          = "122004",
      doi            = "10.1103/PhysRevD.91.122004",
      eprint         = "1504.03753",
      archivePrefix  = "arXiv",
      primaryClass   = "astro-ph.HE",
      SLACcitation   = "%%CITATION = ARXIV:1504.03753;%%"
}
@inproceedings{Aartsen:2015zva,
      author         = "Aartsen, M. G. and others",
      title          = "{The IceCube Neutrino Observatory - Contributions to ICRC
                        2015 Part II: Atmospheric and Astrophysical Diffuse
                        Neutrino Searches of All Flavors}",
      booktitle      = "{Proceedings, 34th International Cosmic Ray Conference
                        (ICRC 2015): The Hague, The Netherlands, July 30-August 6,
                        2015}",
      collaboration  = "IceCube collaboration",
      year           = "2015",
      eprint         = "1510.05223",
      archivePrefix  = "arXiv",
      primaryClass   = "astro-ph.HE",
      SLACcitation   = "%%CITATION = ARXIV:1510.05223;%%"
}

@misc{crmc,
author        = "Pierog, T. and Baus, C. and Ulrich, R.",
title         = "{CRMC (Cosmic Ray Monte Carlo package)}",
note           = " \href{https://web.ikp.kit.edu/rulrich/crmc.html}{web.ikp.kit.edu/rulrich/crmc.html}"
}

@article{Fletcher:1994bd,
      author         = "Fletcher, R. S. and Gaisser, T. K. and Lipari, Paolo and
                        Stanev, Todor",
      title          = "{SIBYLL: An Event generator for simulation of high-energy
                        cosmic ray cascades}",
      journal        = "Phys. Rev.",
      volume         = "D50",
      year           = "1994",
      pages          = "5710-5731",
      doi            = "10.1103/PhysRevD.50.5710",
      reportNumber   = "BA-94-01",
      SLACcitation   = "%%CITATION = PHRVA,D50,5710;%%"
}

@article{Denisov:2018unj,
      author         = "Denisov, O. {\relax Yu}.",
      title          = "{Letter of Intent: A New QCD facility at the M2 beam line
                        of the CERN SPS}",
      collaboration  = "A New QCD Facility at the M2 beam line of the CERN SPS",
      year           = "2018",
      eprint         = "1808.00848",
      archivePrefix  = "arXiv",
      primaryClass   = "hep-ex",
      SLACcitation   = "%%CITATION = ARXIV:1808.00848;%%"
}

@article{Maris,
collaboration  = "I.C.~Maris  for the NA61/SHINE Collaboration",
title ="{Hadron Production Measurements with the NA61/SHINE
Experiment and their Relevance for Air Shower Simulations}",
note      = "{\href{http://icrc2009.uni.lodz.pl/proc/pdf/icrc1095.pdf}{Proceedings, 31th International Cosmic Ray Conference
                        (ICRC 2009)}}",
year           = "2009"
}

@article{Adam:2016ich,
      author         = "Adam, Jaroslav and others",
      title          = "{$D$-meson production in $p$-Pb collisions at
                        $\sqrt{s_{NN}}=5.02\tev$ and in pp collisions at
                        $\sqrt{s}=7\tev$}",
      collaboration  = "ALICE collaboration",
      journal        = "Phys. Rev.",
      volume         = "C94",
      year           = "2016",
      pages          = "054908",
      doi            = "10.1103/PhysRevC.94.054908",
      eprint         = "1605.07569",
      archivePrefix  = "arXiv",
      primaryClass   = "nucl-ex",
      reportNumber   = "CERN-EP-2016-127",
      SLACcitation   = "%%CITATION = ARXIV:1605.07569;%%"
}
@article{Mangano:92,
	author           = " Mangano, Michelangelo L. and others",
    title            ="{Heavy quark correlations in hadron collisions at next-to-leading order}",
    journal          ="Nucl. Phys.",
    volume           ="B373",
    year             ="1992",
    pages            ="295",
    doi              ="10.1016/0550-3213(92)90435-E"
}

@article{Lansberg:2016deg,
      author         = "Lansberg, Jean-Philippe and Shao, Hua-Sheng",
      title          = "{Towards an automated tool to evaluate the impact of the
                        nuclear modification of the gluon density on quarkonium, D
                        and B meson production in proton‚Äìnucleus collisions}",
      journal        = "Eur. Phys. J.",
      volume         = "C77",
      year           = "2017",
      pages          = "1",
      doi            = "10.1140/epjc/s10052-016-4575-x",
      eprint         = "1610.05382",
      archivePrefix  = "arXiv",
      primaryClass   = "hep-ph",
      reportNumber   = "CERN-TH-2016-206",
      SLACcitation   = "%%CITATION = ARXIV:1610.05382;%%"
}

@article{Shao:2015vga,
      author         = "Shao, Hua-Sheng",
      title          = "{HELAC-Onia 2.0: an upgraded matrix-element and event
                        generator for heavy quarkonium physics}",
      journal        = "Comput. Phys. Commun.",
      volume         = "198",
      year           = "2016",
      pages          = "238-259",
      doi            = "10.1016/j.cpc.2015.09.011",
      eprint         = "1507.03435",
      archivePrefix  = "arXiv",
      primaryClass   = "hep-ph",
      reportNumber   = "CERN-PH-TH-2015-155",
      SLACcitation   = "%%CITATION = ARXIV:1507.03435;%%"
}

@article{Shao:2012iz,
      author         = "Shao, Hua-Sheng",
      title          = "{HELAC-Onia: An automatic matrix element generator for
                        heavy quarkonium physics}",
      journal        = "Comput. Phys. Commun.",
      volume         = "184",
      year           = "2013",
      pages          = "2562-2570",
      doi            = "10.1016/j.cpc.2013.05.023",
      eprint         = "1212.5293",
      archivePrefix  = "arXiv",
      primaryClass   = "hep-ph",
      SLACcitation   = "%%CITATION = ARXIV:1212.5293;%%"
}
@article{Arleo2013,
      author         = "Arleo, F. and others",
      title      = "{Centrality and $p_\perp$ dependence of \jpsi\ suppression in proton-nucleus collisions from parton energy loss}",
      journal = "JHEP",
      volume         = "05",
      year           = "2013",
      pages          = "155",
      doi            = "10.1007/JHEP05(2013)155",
      eprint         = "1304.0901",
      archivePrefix  = "arXiv",
      primaryClass   = "hep-ph",
      reportNumber   = "LAPTH-018-13",
}

@article{ArleoPeigne1303,
	  author		 = "Arleo, F. and Peign\'e, S.",
      title 		 = "{Heavy-quarkonium suppression in p-A collisions from parton energy loss in cold QCD matter}",
      journal		 = "JHEP",
      volume 		 = "03",
      year			 = "2013",
      pages			 = "122",
      doi			 = "10.1007/JHEP03(2013)122"
}
@article{Dulat16,
      author        = "Dulat, S. and others",
      title         = "{New parton distribution functions from a global analysis of quantum chromodynamics}",
      journal       = "Phys. Rev.",
      volume        = "D93",
      doi           = "10.1103/PhysRevD.93.033006",
      year          = "2016",
      pages         = 033006
}
@article{nCTEQ15,
      author        = "Kovarik, K. and others",
      title         = "{nCTEQ15 - Global analysis of nuclear parton distributions with uncertainties in the CTEQ framework}",
      journal        = "Phys. Rev.",
      volume        = "D93",
      doi           = "10.1103/PhysRevD.93.085037",
      year          = "2016",
      pages         = 085037
}

@article{Schub:1995,
	author			 = "Schub, M. H. and others",
    title			 = "Measurement of \jpsi\ and $\psi'$ production in 800 \gev\ proton-gold collisions",
    journal			 = "Phys. Rev.",
    volume			 = "D52",
    year			 = "1995",
    pages			 = "1307",
    doi				 = "10.1103/PhysRevD.52.1307"
}
@article{Abt:2006,
	author			 = "Abt, I. and others",
    collaboration	 = "HERA-B collaboration",
    title			 = "Measurement of the \jpsi\ production cross section in 920 \gevc\ fixed-target proton-nucleus interactions",
    journal			 = "Phys. Lett.",
    volume			 = "B638",
    year			 = "2006",
    pages			 = "407",
    doi				 = "10.1016/j.physletb.2006.03.064"
}
@article{PHENIXpp,
  title = "{$J/\ensuremath{\psi}$ production versus transverse momentum and rapidity in $p+p$ collisions at $\sqrt{s}=200$ GeV}",
  author = "Adare, A. and others",
  collaboration="PHENIX collaboration",
  journal = "Phys. Rev. Lett.",
  volume = "98",
  pages = "232002",
  year = "2007",
      doi            = "10.1103/PhysRevLett.98.232002",
      eprint         = "hep-ex/0611020",
      archivePrefix  = "arXiv",
      primaryClass   = "hep-ex",
      SLACcitation   = "%%CITATION = HEP-EX/0611020;%%"
}
@article{Goncalves:2018htp,
      author         = "Gon√ßalves, V. P. and Jaime, M. M.",
      title          = "{Exclusive vector meson photoproduction in fixed - target
                        collisions at the LHC}",
      journal        = "Eur. Phys. J.",
      volume         = "C78",
      year           = "2018",
      number         = "9",
      pages          = "693",
      doi            = "10.1140/epjc/s10052-018-6185-2",
      eprint         = "1802.04713",
      archivePrefix  = "arXiv",
      primaryClass   = "hep-ph",
      SLACcitation   = "%%CITATION = ARXIV:1802.04713;%%"
}
@article{Eskola:2016oht,
      author         = "Eskola, Kari J. and Paakkinen, Petja and Paukkunen, Hannu
                        and Salgado, Carlos A.",
      title          = "{EPPS16: Nuclear parton distributions with LHC data}",
      journal        = "Eur. Phys. J.",
      volume         = "C77",
      year           = "2017",
      number         = "3",
      pages          = "163",
      doi            = "10.1140/epjc/s10052-017-4725-9",
      eprint         = "1612.05741",
      archivePrefix  = "arXiv",
      primaryClass   = "hep-ph",
      SLACcitation   = "%%CITATION = ARXIV:1612.05741;%%"
}
@techreport{Burmistrov:2194564,
      author        = "Burmistrov, L and Calderini, G and Ivanov, Yu and
                       Massacrier, L and Robbe, P and Scandale, W and Stocchi, A",
      title         = "{Measurement of Short Living Baryon Magnetic Moment  using
                       Bent Crystals at SPS and LHC}",
      institution   = "CERN",
      collaboration = "UA9 Collaboration",
      address       = "Geneva",
      number        = "CERN-SPSC-2016-030. SPSC-EOI-012",
      month         = "Jun",
      year          = "2016",
      reportNumber  = "CERN-SPSC-2016-030",
      url           = "http://cds.cern.ch/record/2194564",
}
@article{Bezshyyko:2017var,
      author         = "Fomin, A. S. and others",
      title          = "{Feasibility of measuring the magnetic dipole moments of
                        the charm baryons at the LHC using bent crystals}",
      journal        = "JHEP",
      volume         = "08",
      year           = "2017",
      pages          = "120",
      doi            = "10.1007/JHEP08(2017)120",
      eprint         = "1705.03382",
      archivePrefix  = "arXiv",
      primaryClass   = "hep-ph",
      SLACcitation   = "%%CITATION = ARXIV:1705.03382;%%"
}
@article{Bagli:2017foe,
      author         = "Bagli, E. and others",
      title          = "{Electromagnetic dipole moments of charged baryons with
                        bent crystals at the LHC}",
      journal        = "Eur. Phys. J.",
      volume         = "C77",
      year           = "2017",
      number         = "12",
      pages          = "828",
      doi            = "10.1140/epjc/s10052-017-5400-x",
      eprint         = "1708.08483",
      archivePrefix  = "arXiv",
      primaryClass   = "hep-ex",
      SLACcitation   = "%%CITATION = ARXIV:1708.08483;%%"
}
@article{STAR:2017ckg,
      author         = "Adamczyk, L. and others",
      title          = "{Global $\Lambda$ hyperon polarization in nuclear
                        collisions: evidence for the most vortical fluid}",
      collaboration  = "STAR",
      journal        = "Nature",
      volume         = "548",
      year           = "2017",
      pages          = "62-65",
      doi            = "10.1038/nature23004",
      eprint         = "1701.06657",
      archivePrefix  = "arXiv",
      primaryClass   = "nucl-ex",
      SLACcitation   = "%%CITATION = ARXIV:1701.06657;%%"
}
@article{Becattini:2013vja,
      author         = "Becattini, F. and Csernai, L. and Wang, D. J.",
      title          = "{$\Lambda$ polarization in peripheral heavy ion
                        collisions}",
      journal        = "Phys. Rev.",
      volume         = "C88",
      year           = "2013",
      number         = "3",
      pages          = "034905",
      doi            = "10.1103/PhysRevC.93.069901, 10.1103/PhysRevC.88.034905",
      note           = "[Erratum: Phys. Rev.C93,no.6,069901(2016)]",
      eprint         = "1304.4427",
      archivePrefix  = "arXiv",
      primaryClass   = "nucl-th",
      SLACcitation   = "%%CITATION = ARXIV:1304.4427;%%"
}
@article{Matsui:1986dk,
      author         = "Matsui, T. and Satz, H.",
      title          = "{$J/\psi$ Suppression by Quark-Gluon Plasma Formation}",
      journal        = "Phys. Lett.",
      volume         = "B178",
      year           = "1986",
      pages          = "416-422",
      doi            = "10.1016/0370-2693(86)91404-8",
      reportNumber   = "BNL-38344",
      SLACcitation   = "%%CITATION = PHLTA,B178,416;%%"
}
@article{Geesaman:1995yd,
      author         = "Geesaman, Donald F. and Saito, K. and Thomas, Anthony
                        William",
      title          = "{The nuclear EMC effect}",
      journal        = "Ann. Rev. Nucl. Part. Sci.",
      volume         = "45",
      year           = "1995",
      pages          = "337-390",
      doi            = "10.1146/annurev.ns.45.120195.002005",
      reportNumber   = "PHY-7963-ME-95",
      SLACcitation   = "%%CITATION = ARNUA,45,337;%%"
}
@article{Albacete:2014fwa,
      author         = "Albacete, Javier L. and Marquet, Cyrille",
      title          = "{Gluon saturation and initial conditions for relativistic
                        heavy ion collisions}",
      journal        = "Prog. Part. Nucl. Phys.",
      volume         = "76",
      year           = "2014",
      pages          = "1-42",
      doi            = "10.1016/j.ppnp.2014.01.004",
      eprint         = "1401.4866",
      archivePrefix  = "arXiv",
      primaryClass   = "hep-ph",
      SLACcitation   = "%%CITATION = ARXIV:1401.4866;%%"
}
@article{Arleo:2012hn,
      author         = "Arleo, Francois and Peigne, Stephane",
      title          = "{J/$\psi$ suppression in p-A collisions from parton
                        energy loss in cold QCD matter}",
      journal        = "Phys. Rev. Lett.",
      volume         = "109",
      year           = "2012",
      pages          = "122301",
      doi            = "10.1103/PhysRevLett.109.122301",
      eprint         = "1204.4609",
      archivePrefix  = "arXiv",
      primaryClass   = "hep-ph",
      reportNumber   = "CERN-PH-TH-2012-116",
      SLACcitation   = "%%CITATION = ARXIV:1204.4609;%%"
}
@article{Cronin:1974zm,
      author         = "Cronin, J. W. and Frisch, Henry J. and Shochet, M. J. and
                        Boymond, J. P. and Mermod, R. and Piroue, P. A. and
                        Sumner, Richard L.",
      title          = "{Production of hadrons with large transverse momentum at
                        200, 300, and 400 GeV}",
      booktitle      = "{High energy physics. Proceedings, 17th International
                        Conference, ICHEP 1974, London, England, July 01-July 10,
                        1974}",
      journal        = "Phys. Rev.",
      volume         = "D11",
      year           = "1975",
      pages          = "3105-3123",
      doi            = "10.1103/PhysRevD.11.3105",
      reportNumber   = "PRINT-74-1181 (EFI,CHICAGO), FERMILAB-CONF-74-148-E",
      SLACcitation   = "%%CITATION = PHRVA,D11,3105;%%"
}
@article{Vogt:2001ky,
      author         = "Vogt, R.",
      title          = "{Are the $J/\psi$ and chi($c$) A dependencies the same?}",
      journal        = "Nucl. Phys.",
      volume         = "A700",
      year           = "2002",
      pages          = "539-554",
      doi            = "10.1016/S0375-9474(01)01313-6",
      eprint         = "hep-ph/0107045",
      archivePrefix  = "arXiv",
      primaryClass   = "hep-ph",
      reportNumber   = "LBNL-47716",
      SLACcitation   = "%%CITATION = HEP-PH/0107045;%%"
}
@article{BraunMunzinger:2000px,
      author         = "Braun-Munzinger, P. and Stachel, J.",
      title          = "{(Non)thermal aspects of charmonium production and a new
                        look at J / psi suppression}",
      journal        = "Phys. Lett.",
      volume         = "B490",
      year           = "2000",
      pages          = "196-202",
      doi            = "10.1016/S0370-2693(00)00991-6",
      eprint         = "nucl-th/0007059",
      archivePrefix  = "arXiv",
      primaryClass   = "nucl-th",
      SLACcitation   = "%%CITATION = NUCL-TH/0007059;%%"
}
@article{Acharya:2017kfy,
      author         = "Acharya, Shreyasi and others",
      title          = "{$\Lambda_{\rm c}^+$ production in pp collisions at
                        $\sqrt{s} = 7$ TeV and in p-Pb collisions at $\sqrt{s_{\rm
                        NN}} = 5.02$ TeV}",
      collaboration  = "ALICE",
      journal        = "JHEP",
      volume         = "04",
      year           = "2018",
      pages          = "108",
      doi            = "10.1007/JHEP04(2018)108",
      eprint         = "1712.09581",
      archivePrefix  = "arXiv",
      primaryClass   = "nucl-ex",
      reportNumber   = "CERN-EP-2017-339",
      SLACcitation   = "%%CITATION = ARXIV:1712.09581;%%"
}
@article{Acharya:2018ckj,
      author         = "Acharya, Shreyasi and others",
      title          = "{$\Lambda_\mathrm{c}^+$ production in Pb-Pb collisions at
                        $\sqrt{s_{\rm NN}} = 5.02$ TeV}",
      collaboration  = "ALICE",
      journal        = "Submitted to: Phys. Lett.",
      year           = "2018",
      eprint         = "1809.10922",
      archivePrefix  = "arXiv",
      primaryClass   = "nucl-ex",
      reportNumber   = "CERN-EP-2018-261",
      SLACcitation   = "%%CITATION = ARXIV:1809.10922;%%"
}
@article{Xie:2017jcq,
      author         = "Xie, Guannan",
      title          = "{$\Lambda_{c}$ Production in Au+Au Collisions at
                        $\sqrt{s_{NN}}$ = 200 GeV measured by the STAR
                        experiment}",
      booktitle      = "{Proceedings, 26th International Conference on
                        Ultra-relativistic Nucleus-Nucleus Collisions (Quark
                        Matter 2017): Chicago, Illinois, USA, February 5-11,
                        2017}",
      collaboration  = "STAR",
      journal        = "Nucl. Phys.",
      volume         = "A967",
      year           = "2017",
      pages          = "928-931",
      doi            = "10.1016/j.nuclphysa.2017.06.004",
      eprint         = "1704.04353",
      archivePrefix  = "arXiv",
      primaryClass   = "nucl-ex",
      SLACcitation   = "%%CITATION = ARXIV:1704.04353;%%"
}
@article{Goncalves:2015hra,
      author         = "Goncalves, V. P. and Sauter, W. K.",
      title          = "{$\eta_c$ production in photon-induced interactions at a
                        fixed target experiment at LHC as a probe of the odderon}",
      journal        = "Phys. Rev.",
      volume         = "D91",
      year           = "2015",
      number         = "9",
      pages          = "094014",
      doi            = "10.1103/PhysRevD.91.094014",
      eprint         = "1503.05112",
      archivePrefix  = "arXiv",
      primaryClass   = "hep-ph",
      SLACcitation   = "%%CITATION = ARXIV:1503.05112;%%"
}

@article{Shen:2017bsr,
      author         = "Shen, Chun and Schenke, Bj√∂rn",
      title          = "{Dynamical initial state model for relativistic heavy-ion
                        collisions}",
      journal        = "Phys. Rev.",
      volume         = "C97",
      year           = "2018",
      number         = "2",
      pages          = "024907",
      doi            = "10.1103/PhysRevC.97.024907",
      eprint         = "1710.00881",
      archivePrefix  = "arXiv",
      primaryClass   = "nucl-th",
      SLACcitation   = "%%CITATION = ARXIV:1710.00881;%%"
}

@article{Stephanov:2004wx,
      author         = "Stephanov, Mikhail A.",
      title          = "{QCD phase diagram and the critical point}",
      booktitle      = "{Non-perturbative quantum chromodynamics. Proceedings,
                        8th Workshop, Paris, France, June 7-11, 2004}",
      journal        = "Prog. Theor. Phys. Suppl.",
      volume         = "153",
      year           = "2004",
      pages          = "139-156",
      doi            = "10.1142/S0217751X05027965",
      note           = "[Int. J. Mod. Phys.A20,4387(2005)]",
      eprint         = "hep-ph/0402115",
      archivePrefix  = "arXiv",
      primaryClass   = "hep-ph",
      SLACcitation   = "%%CITATION = HEP-PH/0402115;%%"
}

@article{Adare:2018toe,
      author         = "Adare, A. and others",
      title          = "{Pseudorapidity dependence of particle production and
                        elliptic flow in asymmetric nuclear collisions of
                        $p$$+$Al, $p$$+$Au, $d$$+$Au, and $^{3}$He$+$Au at
                        $\sqrt{s_{_{NN}}}=200$ GeV}",
      collaboration  = "PHENIX",
      year           = "2018",
      eprint         = "1807.11928",
      archivePrefix  = "arXiv",
      primaryClass   = "nucl-ex",
      SLACcitation   = "%%CITATION = ARXIV:1807.11928;%%"
}

@article{Karpenko:2015xea,
      author         = "Karpenko, Iu. A. and Huovinen, P. and Petersen, H. and
                        Bleicher, M.",
      title          = "{Estimation of the shear viscosity at finite net-baryon
                        density from $A+A$ collision data at $\sqrt{s_\mathrm{NN}}
                        = 7.7-200$ GeV}",
      journal        = "Phys. Rev.",
      volume         = "C91",
      year           = "2015",
      number         = "6",
      pages          = "064901",
      doi            = "10.1103/PhysRevC.91.064901",
      eprint         = "1502.01978",
      archivePrefix  = "arXiv",
      primaryClass   = "nucl-th",
      SLACcitation   = "%%CITATION = ARXIV:1502.01978;%%"
}

@article{Song:2007ux,
      author         = "Song, Huichao and Heinz, Ulrich W.",
      title          = "{Causal viscous hydrodynamics in 2+1 dimensions for
                        relativistic heavy-ion collisions}",
      journal        = "Phys. Rev.",
      volume         = "C77",
      year           = "2008",
      pages          = "064901",
      doi            = "10.1103/PhysRevC.77.064901",
      eprint         = "0712.3715",
      archivePrefix  = "arXiv",
      primaryClass   = "nucl-th",
      reportNumber   = "CERN-PH-TH-2007-269",
      SLACcitation   = "%%CITATION = ARXIV:0712.3715;%%"
}
@article{Schenke:2010rr,
      author         = "Schenke, Bjorn and Jeon, Sangyong and Gale, Charles",
      title          = "{Elliptic and triangular flow in event-by-event (3+1)D
                        viscous hydrodynamics}",
      journal        = "Phys. Rev. Lett.",
      volume         = "106",
      year           = "2011",
      pages          = "042301",
      doi            = "10.1103/PhysRevLett.106.042301",
      eprint         = "1009.3244",
      archivePrefix  = "arXiv",
      primaryClass   = "hep-ph",
      SLACcitation   = "%%CITATION = ARXIV:1009.3244;%%"
}


@article{Brodsky:2012vg,
      author         = "Brodsky, S. J. and Fleuret, F. and Hadjidakis, C. and
                        Lansberg, J. P.",
      title          = "{Physics Opportunities of a Fixed-Target Experiment using
                        the LHC Beams}",
      journal        = "Phys. Rept.",
      volume         = "522",
      year           = "2013",
      pages          = "239-255",
      doi            = "10.1016/j.physrep.2012.10.001",
      eprint         = "1202.6585",
      archivePrefix  = "arXiv",
      primaryClass   = "",
      reportNumber   = "SLAC-PUB-14878",
      SLACcitation   = "%%CITATION = ARXIV:1202.6585;%%"
}

@article{Lansberg:Adv2015,
      author         = "Lansberg, J. P. and  Cavoto, G. and Hadjidakis, C. and He, J. and Lorc\'e, C. and Trzeciak, B. ",
      title          = "{Physics at a Fixed-Target Experiment Using the LHC Beams,}",
      journal        = "Adv. High. Energy Phys.",
      volume         = "2015",
      year           = "2015",
      pages          = "2",
      doi            = "10.1155/2015/319654",
}

@article{Hadjidakis:2018ifr,
      author         = "Hadjidakis, C. and others",
      title          = "{A Fixed-Target Programme at the LHC: Physics Case and
                        Projected Performances for Heavy-Ion, Hadron, Spin and
                        Astroparticle Studies}",
      year           = "2018",
      eprint         = "1807.00603",
      archivePrefix  = "arXiv",
      primaryClass   = "",
      reportNumber   = "IFJPAN-IV-2018-11, JLAB-THY-18-2756, SLAC-PUB-17291",
      SLACcitation   = "%%CITATION = ARXIV:1807.00603;%%"
}

@article{Denicol:2015nhu,
      author         = "Denicol, Gabriel and Monnai, Akihiko and Schenke, Bjoern",
      title          = "{Moving forward to constrain the shear viscosity of QCD
                        matter}",
      journal        = "Phys. Rev. Lett.",
      volume         = "116",
      year           = "2016",
      number         = "21",
      pages          = "212301",
      doi            = "10.1103/PhysRevLett.116.212301",
      eprint         = "1512.01538",
      archivePrefix  = "arXiv",
      primaryClass   = "nucl-th",
      SLACcitation   = "%%CITATION = ARXIV:1512.01538;%%"
}

@article{Begun:2018efg,
      author         = "Begun, Viktor and Kikola, Daniel and Vovchenko,
                        Volodymyr and Wielanek, Daniel",
      title          = "{Estimation of the freeze-out parameters reachable in the
                        AFTER@LHC project}",
      year           = "2018",
      eprint         = "1806.01303",
      archivePrefix  = "arXiv",
      primaryClass   = "nucl-th",
      SLACcitation   = "%%CITATION = ARXIV:1806.01303;%%"
}

@article{Becattini:2007qr,
      author         = "Becattini, F. and Cleymans, J.",
      title          = "{Chemical Equilibrium in Heavy Ion Collisions: Rapidity
                        Dependence}",
      booktitle      = "{Proceedings, 19th International Conference on
                        Ultra-Relativistic nucleus-nucleus collisions (Quark
                        Matter 2006): Shanghai, P.R. China, November 14-20, 2006}",
      journal        = "J. Phys.",
      volume         = "G34",
      year           = "2007",
      pages          = "S959-964",
      doi            = "10.1088/0954-3899/34/8/S135",
      eprint         = "hep-ph/0701029",
      archivePrefix  = "arXiv",
      primaryClass   = "hep-ph",
      SLACcitation   = "%%CITATION = HEP-PH/0701029;%%"
}

@article{Karpenko:2018xam,
      author         = "Karpenko, Iurii",
      title          = "{Rapidity scan in heavy ion collisions at $\sqrt{s_{\rm
                        NN}}=72$~GeV using a viscous hydro + cascade model}",
      year           = "2018",
      eprint         = "1805.11998",
      archivePrefix  = "arXiv",
      primaryClass   = "nucl-th",
      SLACcitation   = "%%CITATION = ARXIV:1805.11998;%%"
}

@article{Abelev:2009xg,
      author         = "Abelev, B. I. and others",
      title          = "{Longitudinal Spin Transfer to Lambda and anti-Lambda
                        Hyperons in Polarized Proton-Proton Collisions at $\sqrt{s}$
                        = 200 GeV}",
      collaboration  = "STAR",
      journal        = "Phys. Rev.",
      volume         = "D80",
      year           = "2009",
      pages          = "111102",
      doi            = "10.1103/PhysRevD.80.111102",
      eprint         = "0910.1428",
      archivePrefix  = "arXiv",
      primaryClass   = "",
      SLACcitation   = "%%CITATION = ARXIV:0910.1428;%%"
}

@article{Alekseev:2009ab,
      author         = "Alekseev, M. and others",
      title          = "{Measurement of the Longitudinal Spin Transfer to Lambda
                        and Anti-Lambda Hyperons in Polarised Muon DIS}",
      collaboration  = "COMPASS",
      journal        = "Eur. Phys. J.",
      volume         = "C64",
      year           = "2009",
      pages          = "171-179",
      doi            = "10.1140/epjc/s10052-009-1143-7",
      eprint         = "0907.0388",
      archivePrefix  = "arXiv",
      primaryClass   = "hep-ex",
      reportNumber   = "CERN-PH-EP-2009-011",
      SLACcitation   = "%%CITATION = ARXIV:0907.0388;%%"
}

@article{Moskalenko:1997gh,
      author         = "Moskalenko, I. V. and Strong, A. W.",
      title          = "{Production and propagation of cosmic ray positrons and
                        electrons}",
      journal        = "Astrophys. J.",
      volume         = "493",
      year           = "1998",
      pages          = "694-707",
      doi            = "10.1086/305152",
      eprint         = "astro-ph/9710124",
      archivePrefix  = "arXiv",
      primaryClass   = "astro-ph",
      SLACcitation   = "%%CITATION = ASTRO-PH/9710124;%%"
}

@article{Vladimirov:2010aq,
      author         = "Vladimirov, Andrey E. and Digel, Seth W. and Johannesson,
                        Gudlaugur and Michelson, Peter F. and Moskalenko, Igor V.
                        and Nolan, Patrick L. and Orlando, Elena and Porter, Troy
                        A. and Strong, Andrew W.",
      title          = "{GALPROP WebRun: an internet-based service for
                        calculating galactic cosmic ray propagation and associated
                        photon emissions}",
      journal        = "Comput. Phys. Commun.",
      volume         = "182",
      year           = "2011",
      pages          = "1156-1161",
      doi            = "10.1016/j.cpc.2011.01.017",
      eprint         = "1008.3642",
      archivePrefix  = "arXiv",
      primaryClass   = "astro-ph.HE",
      SLACcitation   = "%%CITATION = ARXIV:1008.3642;%%"
}


@inproceedings{Orlando:2017tde,
      author         = "Orlando, Elena and Johannesson, Gudlaugur and Moskalenko,
                        Igor V. and Porter, Troy A. and Strong, Andrew",
      title          = "{GALPROP cosmic-ray propagation code: recent results and
                        updates}",
      url            = "http://inspirehep.net/record/1645188/files/arXiv:1712.09755.pdf",
      year           = "2017",
      eprint         = "1712.09755",
      archivePrefix  = "arXiv",
      primaryClass   = "astro-ph.HE",
      SLACcitation   = "%%CITATION = ARXIV:1712.09755;%%"
}

@article{Aaij:2018svt,
      author         = "Aaij, Roel and others",
      title          = "{Measurement of antiproton production in ${\rm p He}$
                        collisions at $\sqrt{s_{NN}}=110$ GeV}",
      collaboration  = "LHCb",
      journal        = "Submitted to: Phys. Rev. Lett.",
      year           = "2018",
      eprint         = "1808.06127",
      archivePrefix  = "arXiv",
      primaryClass   = "hep-ex",
      reportNumber   = "LHCb-PAPER-2018-031, CERN-EP-2018-217",
      SLACcitation   = "%%CITATION = ARXIV:1808.06127;%%"
}

@article{Ivanov:2004vd,
      author         = "Ivanov, D. {\relax Yu}. and Schafer, A. and Szymanowski,
                        L. and Krasnikov, G.",
      title          = "{Exclusive photoproduction of a heavy vector meson in
                        QCD}",
      journal        = "Eur. Phys. J.",
      volume         = "C34",
      year           = "2004",
      number         = "3",
      pages          = "297-316",
      doi            = "10.1140/epjc/s2004-01712-x,
                        10.1140/epjc/s10052-015-3298-8",
      note           = "[Erratum: Eur. Phys. J.C75,no.2,75(2015)]",
      eprint         = "hep-ph/0401131",
      archivePrefix  = "arXiv",
      primaryClass   = "hep-ph",
      SLACcitation   = "%%CITATION = HEP-PH/0401131;%%"
}

@inproceedings{Massacrier:2017lib,
      author         = "Massacrier, L. and Lansberg, J. P. and Szymanowski, L.
                        and Wagner, J.",
      title          = "{Quarkonium-photoproduction prospects at a fixed-target
                        experiment at the LHC (AFTER@LHC)}",
      booktitle      = "{Photon 2017: International Conference on the Structure
                        and the Interactions of the Photon and 22th International
                        Workshop on Photon-Photon Collisions and the International
                        Workshop on High Energy Photon Colliders CERN, Geneva,
                        Switzerland, May 22-26, 2017}",
      url            = "http://inspirehep.net/record/1625748/files/arXiv:1709.09044.pdf",
      year           = "2017",
      eprint         = "1709.09044",
      archivePrefix  = "arXiv",
      primaryClass   = "nucl-ex",
      SLACcitation   = "%%CITATION = ARXIV:1709.09044;%%"
}

@article{Koempel:2011rc,
      author         = "Koempel, John and Kroll, Peter and Metz, Andreas and
                        Zhou, Jian",
      title          = "{Exclusive production of quarkonia as a probe of the GPD
                        E for gluons}",
      journal        = "Phys. Rev.",
      volume         = "D85",
      year           = "2012",
      pages          = "051502",
      doi            = "10.1103/PhysRevD.85.051502",
      eprint         = "1112.1334",
      archivePrefix  = "arXiv",
      primaryClass   = "hep-ph",
      SLACcitation   = "%%CITATION = ARXIV:1112.1334;%%"
}

@article{Wang:2015jsa,
      author         = "Wang, Qian and Liu, Xiao-Hai and Zhao, Qiang",
      title          = "{Photoproduction of hidden charm pentaquark states
                        $P_c^+(4380)$ and $P_c^+(4450)$}",
      journal        = "Phys. Rev.",
      volume         = "D92",
      year           = "2015",
      pages          = "034022",
      doi            = "10.1103/PhysRevD.92.034022",
      eprint         = "1508.00339",
      archivePrefix  = "arXiv",
      primaryClass   = "hep-ph",
      SLACcitation   = "%%CITATION = ARXIV:1508.00339;%%"
}

@article{Acharya:2018jua,
      author         = "Acharya, Shreyasi and others",
      title          = "{Energy dependence of exclusive $J/\psi$ photoproduction
                        off protons in ultra-peripheral p-Pb collisions at
                        $\sqrt{s_{\rm{NN}}}$ = 5.02 TeV}",
      collaboration  = "ALICE",
      year           = "2018",
      eprint         = "1809.03235",
      archivePrefix  = "arXiv",
      primaryClass   = "nucl-ex",
      reportNumber   = "CERN-EP-2018-236",
      SLACcitation   = "%%CITATION = ARXIV:1809.03235;%%"
}

