% -- include here the bibtex style bibliography items for your section
@article{Harland-Lang:2018iur,
      author         = "Harland-Lang, L. A. and Khoze, V. A. and Ryskin, M. G.",
      title          = "{Exclusive LHC physics with heavy ions: SuperChic 3}",
      year           = "2018",
      eprint         = "1810.06567",
      archivePrefix  = "arXiv",
      primaryClass   = "hep-ph",
      reportNumber   = "IPPP/18/90",
      SLACcitation   = "%%CITATION = ARXIV:1810.06567;%%"
}

@article{Abbas:2013oua,
      author         = "Abbas, E. and others",
      title          = "{Charmonium and $e^+e^-$ pair photoproduction at
                        mid-rapidity in ultra-peripheral Pb-Pb collisions at
                        $\sqrt{s_{\rm NN}}$=2.76 TeV}",
      collaboration  = "ALICE",
      journal        = "Eur. Phys. J.",
      volume         = "C73",
      year           = "2013",
      number         = "11",
      pages          = "2617",
      doi            = "10.1140/epjc/s10052-013-2617-1",
      eprint         = "1305.1467",
      archivePrefix  = "arXiv",
      primaryClass   = "nucl-ex",
      reportNumber   = "CERN-PH-EP-2013-066",
      SLACcitation   = "%%CITATION = ARXIV:1305.1467;%%"
}

@article{Acharya:2018yhg,
      author         = "Acharya, Shreyasi and others",
      title          = "{Neutral pion and $\eta$ meson production at mid-rapidity
                        in Pb-Pb collisions at $\sqrt{s_{NN}}$ = 2.76 TeV}",
      collaboration  = "ALICE",
      journal        = "Phys. Rev.",
      year           = "2018",
      doi            = "10.1103/PhysRevC.98.044901",
      note           = "[Phys. Rev.C98,044901(2018)]",
      eprint         = "1803.05490",
      archivePrefix  = "arXiv",
      primaryClass   = "nucl-ex",
      reportNumber   = "CERN-EP-2018-040",
      SLACcitation   = "%%CITATION = ARXIV:1803.05490;%%"
}

@article{Sirunyan:2018fhl,
      author         = "Sirunyan, Albert M and others",
      title          = "{Evidence for light-by-light scattering and searches for
                        axion-like particles in ultraperipheral PbPb collisions at
                        $\sqrt{s_\mathrm{NN}} =$ 5.02 TeV}",
      collaboration  = "CMS",
      year           = "2018",
      eprint         = "1810.04602",
      archivePrefix  = "arXiv",
      primaryClass   = "hep-ex",
      reportNumber   = "CMS-FSQ-16-012, CERN-EP-2018-271",
      SLACcitation   = "%%CITATION = ARXIV:1810.04602;%%"
}

@article{Bardin:2009gq,
      author         = "Bardin, D. and Kalinovskaya, L. and Uglov, E.",
      title          = "{Standard Model light-by-light scattering in SANC:
                        analytic and numeric evaluation}",
      journal        = "Phys. Atom. Nucl.",
      volume         = "73",
      year           = "2010",
      pages          = "1878-1888",
      doi            = "10.1134/S1063778810110098",
      eprint         = "0911.5634",
      archivePrefix  = "arXiv",
      primaryClass   = "hep-ph",
      SLACcitation   = "%%CITATION = ARXIV:0911.5634;%%"
}

@article{Klusek-Gawenda:2013rtu,
      author         = "K{\l}usek-Gawenda, Mariola and Szczurek, Antoni",
      title          = "{$\pi^+ \pi^-$ and $\pi^0 \pi^0$ pair production in
                        photon-photon and in ultraperipheral ultrarelativistic
                        heavy ion collisions}",
      journal        = "Phys. Rev.",
      volume         = "C87",
      year           = "2013",
      number         = "5",
      pages          = "054908",
      doi            = "10.1103/PhysRevC.87.054908",
      eprint         = "1302.4204",
      archivePrefix  = "arXiv",
      primaryClass   = "nucl-th",
      SLACcitation   = "%%CITATION = ARXIV:1302.4204;%%"
}

@article{Jikia:1993tc,
      author         = "Jikia, G. and Tkabladze, A.",
      title          = "{Photon-photon scattering at the photon linear collider}",
      journal        = "Phys. Lett.",
      volume         = "B323",
      year           = "1994",
      pages          = "453-458",
      doi            = "10.1016/0370-2693(94)91246-7",
      eprint         = "hep-ph/9312228",
      archivePrefix  = "arXiv",
      primaryClass   = "hep-ph",
      reportNumber   = "IFVE-93-89",
      SLACcitation   = "%%CITATION = HEP-PH/9312228;%%"
}

@article{Bern:2001dg,
      author         = "Bern, Z. and De Freitas, A. and Dixon, Lance J. and
                        Ghinculov, A. and Wong, H. L.",
      title          = "{QCD and QED corrections to light by light scattering}",
      journal        = "JHEP",
      volume         = "11",
      year           = "2001",
      pages          = "031",
      doi            = "10.1088/1126-6708/2001/11/031",
      eprint         = "hep-ph/0109079",
      archivePrefix  = "arXiv",
      primaryClass   = "hep-ph",
      reportNumber   = "SLAC-PUB-8974, UCLA-01-TEP-18",
      SLACcitation   = "%%CITATION = HEP-PH/0109079;%%"
}

@article{Patrignani:2016xqp,
      author         = "Patrignani, C. and others",
      title          = "{Review of Particle Physics}",
      collaboration  = "Particle Data Group",
      journal        = "Chin. Phys.",
      volume         = "C40",
      year           = "2016",
      number         = "10",
      pages          = "100001",
      doi            = "10.1088/1674-1137/40/10/100001",
      SLACcitation   = "%%CITATION = CHPHD,C40,100001;%%"
}

@article{Kryshen:2017jfz,
      author         = "Kryshen, E. L.",
      title          = "{Photoproduction of heavy vector mesons in
                        ultra-peripheral Pb-Pb collisions}",
      booktitle      = "{Proceedings, 26th International Conference on
                        Ultra-relativistic Nucleus-Nucleus Collisions (Quark
                        Matter 2017): Chicago, Illinois, USA, February 5-11,
                        2017}",
      collaboration  = "ALICE",
      journal        = "Nucl. Phys.",
      volume         = "A967",
      year           = "2017",
      pages          = "273-276",
      doi            = "10.1016/j.nuclphysa.2017.05.083",
      eprint         = "1705.06872",
      archivePrefix  = "arXiv",
      primaryClass   = "nucl-ex",
      SLACcitation   = "%%CITATION = ARXIV:1705.06872;%%"
}

@article{Klusek-Gawenda:2017lgt,
        author         = "K{\l}usek-Gawenda, Mariola and Lebiedowicz, Piotr and
        Nachtmann, Otto and Szczurek, Antoni",
        title          = "{From the $\gamma \gamma \to p \bar{p}$ reaction to the
                production of $p \bar{p}$ pairs in ultraperipheral
                ultrarelativistic heavy-ion collisions at the LHC}",
        journal        = "Phys. Rev.",
        volume         = "D96",
        year           = "2017",
        number         = "9",
        pages          = "094029",
        doi            = "10.1103/PhysRevD.96.094029",
        eprint         = "1708.09836",
        archivePrefix  = "arXiv",
        primaryClass   = "hep-ph",
        SLACcitation   = "%%CITATION = ARXIV:1708.09836;%%"
}

@article{Diehl:2002yh,
      author         = "Diehl, M. and Kroll, P. and Vogt, C.",
      title          = "{Two photon annihilation into baryon anti-baryon pairs}",
      journal        = "Eur. Phys. J.",
      volume         = "C26",
      year           = "2003",
      pages          = "567-577",
      doi            = "10.1140/epjc/s2002-01075-4",
      eprint         = "hep-ph/0206288",
      archivePrefix  = "arXiv",
      primaryClass   = "hep-ph",
      reportNumber   = "WU-B-02-06, NORDITA-2002-15-HE",
      SLACcitation   = "%%CITATION = HEP-PH/0206288;%%"
}

@article{Kuo:2005nr,
      author         = "Kuo, Chen-Cheng and others",
      title          = "{Measurement of $\gamma \gamma \to$ p anti-p production at
                        Belle}",
      collaboration  = "Belle",
      journal        = "Phys. Lett.",
      volume         = "B621",
      year           = "2005",
      pages          = "41-55",
      doi            = "10.1016/j.physletb.2005.06.036",
      eprint         = "hep-ex/0503006",
      archivePrefix  = "arXiv",
      primaryClass   = "hep-ex",
      reportNumber   = "BELLE-PREPRINT-2005-5, KEK-PREPRINT-2004-101",
      SLACcitation   = "%%CITATION = HEP-EX/0503006;%%"
}

@article{Baldenegro:2018hng,
      author         = "Baldenegro, C. and Fichet, S. and Von Gersdorff, G. and
                        Royon, C.",
      title          = "{Searching for axion-like particles with proton tagging
                        at the LHC}",
      journal        = "JHEP",
      volume         = "06",
      year           = "2018",
      pages          = "131",
      doi            = "10.1007/JHEP06(2018)131",
      eprint         = "1803.10835",
      archivePrefix  = "arXiv",
      primaryClass   = "hep-ph",
      SLACcitation   = "%%CITATION = ARXIV:1803.10835;%%"
}

@article{Read:2002hq,
      author         = "Read, Alexander L.",
      title          = "{Presentation of search results: The CL(s) technique}",
      booktitle      = "{Advanced Statistical Techniques in Particle Physics.
                        Proceedings, Conference, Durham, UK, March 18-22, 2002}",
      journal        = "J. Phys.",
      volume         = "G28",
      year           = "2002",
      pages          = "2693-2704",
      doi            = "10.1088/0954-3899/28/10/313",
      SLACcitation   = "%%CITATION = JPAGA,G28,2693;%%"
}

@inproceedings{Knapen:2017ebd,
      author         = "Knapen, Simon and Lin, Tongyan and Lou, Hou Keong and
                        Melia, Tom",
      title          = "{LHC limits on axion-like particles from heavy-ion
                        collisions}",
      booktitle      = "{Photon 2017: International Conference on the Structure
                        and the Interactions of the Photon and 22th International
                        Workshop on Photon-Photon Collisions and the International
                        Workshop on High Energy Photon Colliders CERN, Geneva,
                        Switzerland, May 22-26, 2017}",
      year           = "2017",
      eprint         = "1709.07110",
      archivePrefix  = "arXiv",
      primaryClass   = "hep-ph",
      SLACcitation   = "%%CITATION = ARXIV:1709.07110;%%"
}

@article{Knapen:2016moh,
      author         = "Knapen, Simon and Lin, Tongyan and Lou, Hou Keong and
                        Melia, Tom",
      title          = "{Searching for Axionlike Particles with Ultraperipheral
                        Heavy-Ion Collisions}",
      journal        = "Phys. Rev. Lett.",
      volume         = "118",
      year           = "2017",
      number         = "17",
      pages          = "171801",
      doi            = "10.1103/PhysRevLett.118.171801",
      eprint         = "1607.06083",
      archivePrefix  = "arXiv",
      primaryClass   = "hep-ph",
      SLACcitation   = "%%CITATION = ARXIV:1607.06083;%%"
}

@article{Bauer:2017ris,
      author         = "Bauer, Martin and Neubert, Matthias and Thamm, Andrea",
      title          = "{Collider Probes of Axion-Like Particles}",
      journal        = "JHEP",
      volume         = "12",
      year           = "2017",
      pages          = "044",
      doi            = "10.1007/JHEP12(2017)044",
      eprint         = "1708.00443",
      archivePrefix  = "arXiv",
      primaryClass   = "hep-ph",
      reportNumber   = "MITP-17-047",
      SLACcitation   = "%%CITATION = ARXIV:1708.00443;%%"
}

@article{PhysRevLett.38.1440,
  title = {$\mathrm{CP}$ Conservation in the Presence of Pseudoparticles},
  author = {Peccei, R. D. and Quinn, Helen R.},
  journal = {Phys. Rev. Lett.},
  volume = {38},
  pages = {1440--1443},
  numpages = {0},
  year = {1977},
  month = {Jun},
  publisher = {American Physical Society},
  doi = {10.1103/PhysRevLett.38.1440},
  url = {https://link.aps.org/doi/10.1103/PhysRevLett.38.1440}
}

@article{Peccei:1977hh,
      author         = "Peccei, R. D. and Quinn, Helen R.",
      title          = "{CP Conservation in the Presence of Instantons}",
      journal        = "Phys. Rev. Lett.",
      volume         = "38",
      year           = "1977",
      pages          = "1440-1443",
      doi            = "10.1103/PhysRevLett.38.1440",
      reportNumber   = "ITP-568-STANFORD",
      SLACcitation   = "%%CITATION = PRLTA,38,1440;%%"
}

@article{Klusek-Gawenda:2016nuo,
      author         = "K{\l}usek-Gawenda, Mariola and Sch{\"a}fer, Wolfgang and
                        Szczurek, Antoni",
      title          = "{Two-gluon exchange contribution to elastic $\gamma
                        \gamma \to \gamma \gamma$ scattering and production of
                        two-photons in ultraperipheral ultrarelativistic heavy ion
                        and proton-proton collisions}",
      journal        = "Phys. Lett.",
      volume         = "B761",
      year           = "2016",
      pages          = "399-407",
      doi            = "10.1016/j.physletb.2016.08.059",
      eprint         = "1606.01058",
      archivePrefix  = "arXiv",
      primaryClass   = "hep-ph",
      SLACcitation   = "%%CITATION = ARXIV:1606.01058;%%"
}

@article{Klusek-Gawenda:2016euz,
      author         = "K{\l}usek-Gawenda, Mariola and Lebiedowicz, Piotr and
                        Szczurek, Antoni",
      title          = "{Light-by-light scattering in ultraperipheral Pb-Pb
                        collisions at energies available at the CERN Large Hadron
                        Collider}",
      journal        = "Phys. Rev.",
      volume         = "C93",
      year           = "2016",
      number         = "4",
      pages          = "044907",
      doi            = "10.1103/PhysRevC.93.044907",
      eprint         = "1601.07001",
      archivePrefix  = "arXiv",
      primaryClass   = "nucl-th",
      SLACcitation   = "%%CITATION = ARXIV:1601.07001;%%"
}

@article{dEnterria:2013zqi,
      author         = "d'Enterria, David and da Silveira, Gustavo G.",
      title          = "{Observing light-by-light scattering at the Large Hadron
                        Collider}",
      journal        = "Phys. Rev. Lett.",
      volume         = "111",
      year           = "2013",
      pages          = "080405",
      doi            = "10.1103/PhysRevLett.111.080405,
                        10.1103/PhysRevLett.116.129901",
      note           = "[Erratum: Phys. Rev. Lett.116,no.12,129901(2016)]",
      eprint         = "1305.7142",
      archivePrefix  = "arXiv",
      primaryClass   = "hep-ph",
      SLACcitation   = "%%CITATION = ARXIV:1305.7142;%%"
}

@article{Klusek-Gawenda:2018ijg,
      author         = "K{\l}usek-Gawenda, Mariola",
      title          = "{Importance of mesons in light-by-light scattering in
                        ultraperipheral lead-lead collisions at the LHC}",
      booktitle      = "{15th International Workshop on Meson Physics (MESON
                        2018) Krak{\'o}w, Poland, June 7-12, 2018}",
      year           = "2018",
      eprint         = "1809.03823",
      archivePrefix  = "arXiv",
      primaryClass   = "hep-ph",
      SLACcitation   = "%%CITATION = ARXIV:1809.03823;%%"
}

@article{CMS-PAS-FSQ-16-012,
      title         = "{Measurement of light-by-light scattering in
                       ultraperipheral PbPb collisions at $\sqrt{s_{\mathrm{NN}}}$
                       = 5.02 TeV}",
      institution   = "CERN",
      author        = "{CMS Collaboration}",
      number        = "CMS-PAS-FSQ-16-012",
      year          = "2018",
      reportNumber  = "CMS-PAS-FSQ-16-012",
      url           = "https://cds.cern.ch/record/2319158",
}

@article{Aaboud:2017bwk,
      author         = "{ATLAS Collaboration}",
      title          = "{Evidence for light-by-light scattering in heavy-ion
                        collisions with the ATLAS detector at the LHC}",
      collaboration  = "ATLAS",
      journal        = "Nature Phys.",
      volume         = "13",
      year           = "2017",
      number         = "9",
      pages          = "852-858",
      doi            = "10.1038/nphys4208",
      eprint         = "1702.01625",
      archivePrefix  = "arXiv",
      primaryClass   = "hep-ex",
      reportNumber   = "CERN-EP-2016-316",
      SLACcitation   = "%%CITATION = ARXIV:1702.01625;%%"
}

@article{Barrett:1977,
      author         = "Barrett, R. C. and Jackson, D. F.",
      title          = "{Nuclear Sizes and Structure}",
      journal        = "United Kingdom: Clarendon Press",
      year           = "1977",
}

@article{Bertulani:2005ru,
      author         = "Bertulani, Carlos A. and Klein, Spencer R. and Nystrand,
                        Joakim",
      title          = "{Physics of ultra-peripheral nuclear collisions}",
      journal        = "Ann. Rev. Nucl. Part. Sci.",
      volume         = "55",
      year           = "2005",
      pages          = "271-310",
      doi            = "10.1146/annurev.nucl.55.090704.151526",
      eprint         = "nucl-ex/0502005",
      archivePrefix  = "arXiv",
      primaryClass   = "nucl-ex",
      SLACcitation   = "%%CITATION = NUCL-EX/0502005;%%"
}

@article{Bauer:2017ris,
      author         = "Bauer, Martin and Neubert, Matthias and Thamm, Andrea",
      title          = "{Collider Probes of Axion-Like Particles}",
      journal        = "JHEP",
      volume         = "12",
      year           = "2017",
      pages          = "044",
      doi            = "10.1007/JHEP12(2017)044",
      eprint         = "1708.00443",
      archivePrefix  = "arXiv",
      primaryClass   = "hep-ph",
      reportNumber   = "MITP-17-047",
      SLACcitation   = "%%CITATION = ARXIV:1708.00443;%%"
}

@unpublished{Dembinski:2018UHECR,
    title = {Report on Tests and Measurements of Hadronic Interaction Properties with Air Showers},
    author = {H.P. Dembinski and J.C. Arteaga and L. Cazon and R. {Concei\c{c}\~{a}o} and J. Gonzalez and Y. Itow and D. Ivanov and N.N. Kalmykov and I. Karpikov and T. Pierog and F. Riehn and T. Sako and D. Soldin and R. Takeishi and G. Thomson and S. Troitsky and I. Yashin and E. Zadeba and Y. Zhezher},
    year = {2018},
    note = {UHECR 2018, Paris, France},
    URL = {https://indico.in2p3.fr/event/17063/contributions/64367/attachments/50418/64331/dembinski_whisp_report.pdf},
}

@article{Ulrich:2010rg,
      author         = "Ulrich, Ralf and Engel, Ralph and Unger, Michael",
      title          = "{Hadronic Multiparticle Production at Ultra-High Energies
                        and Extensive Air Showers}",
      journal        = "Phys. Rev.",
      volume         = "D83",
      year           = "2011",
      pages          = "054026",
      doi            = "10.1103/PhysRevD.83.054026",
      eprint         = "1010.4310",
      archivePrefix  = "arXiv",
      primaryClass   = "hep-ph",
      SLACcitation   = "%%CITATION = ARXIV:1010.4310;%%"
}

@article{Abbasi:2018fkz,
      author         = "Abbasi, R. U. and others",
      title          = "{Study of muons from ultrahigh energy cosmic ray air
                        showers measured with the Telescope Array experiment}",
      collaboration  = "Telescope Array",
      journal        = "Phys. Rev.",
      volume         = "D98",
      year           = "2018",
      number         = "2",
      pages          = "022002",
      doi            = "10.1103/PhysRevD.98.022002",
      eprint         = "1804.03877",
      archivePrefix  = "arXiv",
      primaryClass   = "astro-ph.HE",
      SLACcitation   = "%%CITATION = ARXIV:1804.03877;%%"
}


@article{dEnterria:2018kcz,
      author         = "d'Enterria, David and Pierog, Tanguy and Sun, Guanhao",
      title          = "{Impact of QCD jets and heavy-quark production in
                        cosmic-ray proton atmospheric showers up to 10$^{20}$ eV}",
      year           = "2018",
      eprint         = "1809.06406",
      archivePrefix  = "arXiv",
      primaryClass   = "astro-ph.HE",
      SLACcitation   = "%%CITATION = ARXIV:1809.06406;%%"
}


@inproceedings{Kim:2018ink,
      author         = "Kim, Beomkyu",
      title          = "{ALICE results on system-size dependence of
                        charged-particle multiplicity density in p-Pb, Pb-Pb and
                        Xe-Xe collisions}",
      booktitle      = "{27th International Conference on Ultrarelativistic
                        Nucleus-Nucleus Collisions (Quark Matter 2018) Venice,
                        Italy, May 14-19, 2018}",
      collaboration  = "ALICE",
      journal        = "Submitted to: Nucl. Phys.",
      year           = "2018",
      eprint         = "1807.09061",
      archivePrefix  = "arXiv",
      primaryClass   = "hep-ex",
      SLACcitation   = "%%CITATION = ARXIV:1807.09061;%%"
}

@article{ALICE:2017jyt,
      author         = "Adam, Jaroslav and others",
      title          = "{Enhanced production of multi-strange hadrons in
                        high-multiplicity proton-proton collisions}",
      collaboration  = "ALICE",
      journal        = "Nature Phys.",
      volume         = "13",
      year           = "2017",
      pages          = "535-539",
      doi            = "10.1038/nphys4111",
      eprint         = "1606.07424",
      archivePrefix  = "arXiv",
      primaryClass   = "nucl-ex",
      reportNumber   = "CERN-EP-2016-153",
      SLACcitation   = "%%CITATION = ARXIV:1606.07424;%%"
}

@article{Toia:2014wia,
      author         = "Toia, Alberica",
      title          = "{ALICE Measurements in p-Pb Collisions: Charged Particle
                        Multiplicity, Centrality Determination and implications
                        for Binary Scaling}",
      booktitle      = "{Proceedings, International Conference on the Initial
                        Stages in High-Energy Nuclear Collisions (IS2013): Illa de
                        Arousa, Galicia - Spain, September 8-14, 2013}",
      collaboration  = "ALICE",
      journal        = "Nucl. Phys.",
      volume         = "A926",
      year           = "2014",
      pages          = "78-84",
      doi            = "10.1016/j.nuclphysa.2014.03.020",
      eprint         = "1403.5143",
      archivePrefix  = "arXiv",
      primaryClass   = "nucl-ex",
      SLACcitation   = "%%CITATION = ARXIV:1403.5143;%%"
}

@article{Aaij:2018okq,
      author         = "Aaij, Roel and others",
      title          = "{Measurement of the inelastic $pp$ cross-section at a
                        centre-of-mass energy of 13 TeV}",
      collaboration  = "LHCb",
      journal        = "JHEP",
      volume         = "06",
      year           = "2018",
      pages          = "100",
      doi            = "10.1007/JHEP06(2018)100",
      eprint         = "1803.10974",
      archivePrefix  = "arXiv",
      primaryClass   = "hep-ex",
      reportNumber   = "LHCb-PAPER-2018-003, CERN-EP-2018-044,
                        LHCB-PAPER-2018-003",
      SLACcitation   = "%%CITATION = ARXIV:1803.10974;%%"
}

@article{Aaij:2017cqq,
      author         = "Aaij, R. and others",
      title          = "{Prompt and nonprompt J/$\psi$ production and nuclear
                        modification in $p$Pb collisions at $\sqrt{s_{\text{NN}}}=
                        8.16$ TeV}",
      collaboration  = "LHCb",
      journal        = "Phys. Lett.",
      volume         = "B774",
      year           = "2017",
      pages          = "159-178",
      doi            = "10.1016/j.physletb.2017.09.058",
      eprint         = "1706.07122",
      archivePrefix  = "arXiv",
      primaryClass   = "hep-ex",
      reportNumber   = "LHCB-PAPER-2017-014, CERN-EP-2017-122",
      SLACcitation   = "%%CITATION = ARXIV:1706.07122;%%"
}

@techreport{Abelev:1475243,
      author        = "Abelev, B and others: \textcolor{red}{OUT OF DATE: REPLACE WITH \textbackslash cite\{Abelevetal:2014cna\}}  ****** ",
      JUNK        = "Abelev, B and Adam, J and Adamová, D and Aggarwal, M M
                       and Aglieri Rinella, G and Agnello, M and Agostinelli, A
                       and Agrawal, N and Ahammed, Z and Ahmad, N and Ahmad
                       Masoodi, A and Ahmed, I and Ahn, S U and Ahn, S A and Aimo,
                       I and Aiola, S and Ajaz, M and Akindinov, A and
                       Aleksandrov, D and Alessandro, B and Alexandre, D and
                       Alici, A and Alkin, A and Alme, J and Alt, T and Altini, V
                       and Altinpinar, S and Altsybeev, I and Alves Garcia Prado,
                       C and Anderssen, E C and Andrei, C and Andronic, A and
                       Anguelov, V and Anielski, J and Anticic, T and Antinori, F
                       and Antonioli, P and Aphecetche, L and Appelshäuser, H and
                       Arbor, N and Arcelli, S and Armesto, N and Arnaldi, R and
                       Aronsson, T and Arsene, I C and Arslandok, M and
                       Augustinus, A and Averbeck, R and Awes, T C and Azmi, M D
                       and Bach, M and Badalà, A and Baek, Y W and Bagnasco, S
                       and Bailhache, R and Bairathi, V and Bala, R and
                       Baldisseri, A and Baltasar Dos Santos Pedrosa, F and Bán,
                       J and Baral, R C and Barbera, R and Barile, F and
                       Barnaföldi, G G and Barnby, L S and Barret, V and Bartke,
                       J and Basile, M and Bastian Van Beelen, J and Bastid, N and
                       Basu, S and Bathen, B and Batigne, G and Battistin, M and
                       Batyunya, B and Batzing, P C and Baudot, J and Baumann, C
                       and Bearden, I G and Beck, H and Bedda, C and Behera, N K
                       and Belikov, I and Bellini, F and Bellwied, R and
                       Belmont-Moreno, E and Bencedi, G and Benettoni, M and
                       Benotto, F and Beole, S and Berceanu, I and Bercuci, A and
                       Berdnikov, Y and Berenyi, D and Berger, M E and Bertens, R
                       A and Berzano, D and Besson, A and Betev, L and Bhasin, A
                       and Bhati, A K and Bhatti, A and Bhattacharjee, B and Bhom,
                       J and Bianchi, L and Bianchi, N and Bianchin, C and
                       Bielcík, J and Bielcíková, J and Bilandzic, A and
                       Bjelogrlic, S and Blanco, F and Blau, D and Blume, C and
                       Bock, F and Boehmer, F V and Bogdanov, A and Boggild, H and
                       Bogolyubsky, M and Boldizsár, L and Bombara, M and Book, J
                       and Borel, H and Borissov, A and Bornschein, J and
                       Borshchov, V N and Bortolin, C and Bossú, F and Botje, M
                       and Botta, E and Böttger, S and Braun-Munzinger, P and
                       Breitner, T and Broker, T A and Browning, T A and Broz, M
                       and Bruna, E and Bruno, G E and Budnikov, D and Buesching,
                       H and Bufalino, S and Buncic, P and Busch, O and Buthelezi,
                       Z and Caffarri, D and Cai, X and Caines, H and Caliva, A
                       and Calvo Villar, E and Camerini, P and Canoa Roman, V and
                       Carena, F and Carena, W and Cariola, P and Carminati, F and
                       Casanova Díaz, A and Castillo Castellanos, J and Casula, E
                       A R and Catanescu, V and Caudron, T and Cavicchioli, C and
                       Ceballos Sanchez, C and Cepila, J and Cerello, P and Chang,
                       B and Chapeland, S and Charvet, J L and Chattopadhyay, S
                       and Chattopadhyay, S and Cherney, M and Cheshkov, C and
                       Cheynis, B and Chibante Barroso, V and Chinellato, D D and
                       Chochula, P and Chojnacki, M and Choudhury, S and
                       Christakoglou, P and Christensen, C H and Christiansen, P
                       and Chujo, T and Chung, S U and Cicalo, C and Cifarelli, L
                       and Cindolo, F and Claus, G and Cleymans, J and Colamaria,
                       F and Colella, D and Coli, S and Colledani, C and Collu, A
                       and Colocci, M and Conesa Balbastre, G and Conesa del
                       Valle, Z and Connors, M E and Contin, G and Contreras, J G
                       and Cormier, T M and Corrales Morales, Y and Cortese, P and
                       Cortés Maldonado, I and Cosentino, M R and Costa, F and
                       Crochet, P and Cruz Albino, R and Cuautle, E and Cunqueiro,
                       L and Dainese, A and Dang, R and Danu, A and Da Riva, E and
                       Das, D and Das, I and Das, K and Das, S and Dash, A and
                       Dash, S and De, S and Decosse, C and Delagrange, H and
                       Deloff, A and Dénes, E and D'Erasmo, G and de Barros, G O
                       V and De Caro, A and de Cataldo, G and de Cuveland, J and
                       De Falco, A and De Gruttola, D and De Marco, N and De
                       Pasquale, S and De Robertis, G and De Roo, K and de Rooij,
                       R and Diaz Corchero, M A and Dietel, T and Divià, R and Di
                       Bari, D and Di Liberto, S and Di Mauro, A and Di Nezza, P
                       and Djuvsland, o and Dobrin, A and Dobrowolski, T and
                       Domenicis Gimenez, D and Dönigus, B and Dordic, O and
                       Dorheim, S and Dorokhov, A and Doziere, G and Dubey, A K
                       and Dubla, A and Ducroux, L and Dulinski, W and Dupieux, P
                       and Dutta Majumdar, A K and Ehlers III, R J and Elia, D and
                       Engel, H and Erazmus, B and Erdal, H A and Eschweiler, D
                       and Espagnon, B and Estienne, M and Esumi, S and Evans, D
                       and Evdokimov, S and Eyyubova, G and Fabris, D and Faivre,
                       J and Falchieri, D and Fantoni, A and Fasel, M and Fehlker,
                       D and Feldkamp, L and Felea, D and Feliciello, A and
                       Feofilov, G and Ferencei, J and Fernández Téllez, A and
                       Ferreiro, E G and Ferretti, A and Festanti, A and Figiel, J
                       and Figueredo, M A S and Filchagin, S and Finogeev, D and
                       Fionda, F M and Fiore, E M and Fiorenza, G and Floratos, E
                       and Floris, M and Foertsch, S and Foka, P and Fokin, S and
                       Fragiacomo, E and Francescon, A and Franco, M and
                       Frankenfeld, U and Fuchs, U and Furget, C and Fusco Girard,
                       M and Gaardhoje, J J and Gagliardi, M and Gajanana, D and
                       Gallio, M and Gangadharan, D R and Ganoti, P and Garabatos,
                       C and Garcia-Solis, E and Gargiulo, C and Garishvili, I and
                       Gerhard, J and Germain, M and Gheata, A and Gheata, M and
                       Ghidini, B and Ghosh, P and Ghosh, S K and Gianotti, P and
                       Giubilato, P and Giubellino, P and Gladysz-Dziadus, E and
                       Glässel, P and Gomez, R and Gomez Marzoa, M and
                       González-Zamora, P and Gorbunov, S and Görlich, L and
                       Gotovac, S and Graczykowski, L K and Grajcarek, R and
                       Greiner, L C and Grelli, A and Grigoras, A and Grigoras, C
                       and Grigoriev, V and Grigoryan, A and Grigoryan, S and
                       Grinyov, B and Grion, N and Grondin, D and
                       Grosse-Oetringhaus, J F and Grossiord, J -Y and Grosso, R
                       and Guber, F and Guernane, R and Guerzoni, B and Guilbaud,
                       M and Gulbrandsen, K and Gulkanyan, H and Gunji, T and
                       Gupta, A and Gupta, R and H Khan, K and Haake, R and
                       Haaland, o and Hadjidakis, C and Haiduc, M and Hamagaki, H
                       and Hamar, G and Hanratty, L D and Hansen, A and Harris, J
                       W and Hartmann, H and Harton, A and Hatzifotiadou, D and
                       Hayashi, S and Heckel, S T and Heide, M and Helstrup, H and
                       Hennes, E and Herghelegiu, A and Herrera Corral, G and
                       Hess, B A and Hetland, K F and Hicks, B and Hillemanns, H
                       and Himmi, A and Hippolyte, B and Hladky, J and Hristov, P
                       and Huang, M and Hu-Guo, C and Humanic, T J and Hutter, D
                       and Hwang, D S and Igolkin, S and Ijzermans, P and Ilkaev,
                       R and Ilkiv, I and Inaba, M and Incani, E and Innocenti, G
                       M and Ionita, C and Ippolitov, M and Irfan, M and Ivanov, M
                       and Ivanov, V and Ivanytskyi, O and Jacholkowski, A and
                       Jadlovsky, J and Jahnke, C and Jang, H J and Janik, M A and
                       Jayarathna, P H S Y and Jena, S and Jimenez Bustamante, R T
                       and Jones, P G and Jung, H and Junique, A and Jusko, A and
                       Kalcher, S and Kalinak, P and Kalweit, A and Kamin, J and
                       Kang, J H and Kaplin, V and Kar, S and Karasu Uysal, A and
                       Karavichev, O and Karavicheva, T and Karpechev, E and
                       Kebschull, U and Keidel, R and Keil, M and Ketzer, B and
                       Khan, M Mohisin and Khan, P and Khan, S A and Khanzadeev, A
                       and Kharlov, Y and Kileng, B and Kim, B and Kim, D and Kim,
                       D W and Kim, D J and Kim, J S and Kim, M and Kim, M and
                       Kim, S and Kim, T and Kirsch, S and Kisel, I and Kiselev, S
                       and Kisiel, A and Kiss, G and Klay, J L and Klein, J and
                       Klein-Bösing, C and Kluge, A and Knichel, M L and Knospe,
                       A G and Kobdaj, C and Kofarago, M and Köhler, M K and
                       Kollegger, T and Kolojvari, A and Kondratiev, V and
                       Kondratyeva, N and Konevskikh, A and Kovalenko, V and
                       Kowalski, M and Kox, S and Koyithatta Meethaleveedu, G and
                       Kral, J and Králik, I and Kramer, F and Kravcáková, A
                       and Krelina, M and Kretz, M and Krivda, M and Krizek, F and
                       Krus, M and Krymov, E B and Kryshen, E and Krzewicki, M and
                       Kucera, V and Kucheriaev, Y and Kugathasan, T and Kuhn, C
                       and Kuijer, P G and Kulakov, I and Kumar, J and Kurashvili,
                       P and Kurepin, A and Kurepin, A B and Kuryakin, A and
                       Kushpil, S and Kushpil, V and Kweon, M J and Kwon, Y and
                       Ladron de Guevara, P and Lagana Fernandes, C and Lakomov, I
                       and Langoy, R and Lara, C and Lardeux, A and Lattuca, A and
                       La Pointe, S L and La Rocca, P and Lea, R and Lee, G R and
                       Legrand, I and Lehnert, J and Lemmon, R C and Lenhardt, M
                       and Lenti, V and Leogrande, E and Leoncino, M and León
                       Monzón, I and Lesenechal, Y and Lévai, P and Li, S and
                       Lien, J and Lietava, R and Lindal, S and Lindenstruth, V
                       and Lippmann, C and Lisa, M A and Listratenko, O M and
                       Ljunggren, H M and Lodato, D F and Loddo, F and Loenne, P I
                       and Loggins, V R and Loginov, V and Lohner, D and Loizides,
                       C and Lopez, X and López Torres, E and Lu, X -G and
                       Luettig, P and Lunardon, M and Luo, J and Luparello, G and
                       Luzzi, C and M Gago, A and M Jacobs, P and Ma, R and
                       Maevskaya, A and Mager, M and Mahapatra, D P and Maire, A
                       and Malaev, M and Maldonado Cervantes, I and Malinina, L
                       and Mal'Kevich, D and Maltsev, N A and Malzacher, P and
                       Mamonov, A and Manceau, L and Manko, V and Manso, F and
                       Manzari, V and Mapelli, A and Marchisone, M and Mares, J
                       and Margagliotti, G V and Margotti, A and Marín, A and
                       Marin Tobon, C A and Markert, C and Marquard, M and Marras,
                       D and Martashvili, I and Martin, N A and Martinengo, P and
                       Martínez, M I and Martínez García, G and Martin Blanco,
                       J and Martynov, Y and Mas, A and Masciocchi, S and Masera,
                       M and Maslov, M and Masoni, A and Massacrier, L and
                       Mastroserio, A and Mattiazzo, S and Matyja, A and Mayer, C
                       and Mazer, J and Mazumder, R and Mazza, G and Mazzoni, M A
                       and Meddi, F and Menchaca-Rocha, A and Mercado Pérez, J
                       and Meres, M and Miake, Y and Mikhaylov, K and Milano, L
                       and Milosevic, J and Mischke, A and Mishra, A N and
                       Miskowiec, D and Mitu, C M and Mlynarz, J and Mohanty, B
                       and Molnar, L and Mongelli, M and Montaño Zetina, L and
                       Montes, E and Morando, M and Moreira De Godoy, D A and
                       Morel, F and Moretto, S and Morreale, A and Morsch, A and
                       Muccifora, V and Mudnic, E and Muhammad Bhopal, F and
                       Muhuri, S and Mukherjee, M and Müller, H and Munhoz, M G
                       and Murray, S and Musa, L and Musinsky, J and Nandi, B K
                       and Nania, R and Nappi, E and Nattrass, C and Nayak, T K
                       and Nazarenko, S and Nedosekin, A and Nicassio, M and
                       Niculescu, M and Nielsen, B S and Nikolaev, S and Nikulin,
                       S and Nikulin, V and Nilsen, B S and Noferini, F and
                       Nomokonov, P and Nooren, G and Nyanin, A and Nystrand, J
                       and Oeschler, H and Oh, S and Oh, S K and Okatan, A and
                       Olah, L and Oleniacz, J and Oliveira Da Silva, A C and
                       Onderwaater, J and Oppedisano, C and Ortiz Velasquez, A and
                       Oskarsson, A and Otwinowski, J and Oyama, K and Pachmayer,
                       Y and Pachr, M and Pagano, P and Paic, G and Painke, F and
                       Pajares, C and Pal, S K and Palmeri, A and Panati, S and
                       Pant, D and Pantano, D and Papikyan, V and Pappalardo, G S
                       and Park, W J and Passfeld, A and Pastore, C and Patalakha,
                       D I and Paticchio, V and Paul, B and Pawlak, T and
                       Peitzmann, T and Pereira Da Costa, H and Pereira De
                       Oliveira Filho, E and Peresunko, D and Pérez Lara, C E and
                       Peryt, W and Pesci, A and Pestov, Y and Petagna, P and
                       Petrácek, V and Petran, M and Petris, M and Petrovici, M
                       and Petta, C and Pham, H and Piano, S and Pikna, M and
                       Pillot, P and Pinazza, O and Pinsky, L and Piyarathna, D B
                       and Ploskon, M and Planinic, M and Pluta, J and Pochybova,
                       S and Podesta-Lerma, P L M and Poghosyan, M G and
                       Pohjoisaho, E H O and Polichtchouk, B and Poljak, N and
                       Pop, A and Porteboeuf-Houssais, S and Porter, J and
                       Pospisil, V and Potukuchi, B and Prasad, S K and
                       Preghenella, R and Prino, F and Protsenko, M A and Pruneau,
                       C A and Pshenichnov, I and Puddu, G and Puggioni, C and
                       Punin, V and Putschke, J and Qvigstad, H and Rachevski, A
                       and Raha, S and Rak, J and Rakotozafindrabe, A and Ramello,
                       L and Raniwala, R and Raniwala, S and Räsänen, S S and
                       Rascanu, B T and Rasson, J E and Rathee, D and Rauf, A W
                       and Razazi, V and Read, K F and Real, J S and Redlich, K
                       and Reed, R J and Rehman, A and Reichelt, P and Reicher, M
                       and Reidt, F and Renfordt, R and Reolon, A R and Reshetin,
                       A and Rettig, F and Revol, J -P and Reygers, K and Riabov,
                       V and Ricci, R A and Richert, T and Richter, M and Riedler,
                       P and Riegler, W and Riggi, F and Rivetti, A and Rocco, E
                       and Rodríguez Cahuantzi, M and Rodriguez Manso, A and
                       Roed, K and Rogochaya, E and Rohni, S and Rohr, D and
                       Röhrich, D and Romita, R and Ronchetti, F and Ronflette, L
                       and Rosnet, P and Rossegger, S and Rossewij, M J and Rossi,
                       A and Roudier, S and Rousset, J and Roy, A and Roy, C and
                       Roy, P and Rubio Montero, A J and Rui, R and Russo, R and
                       Ryabinkin, E and Ryabov, Y and Rybicki, A and Sacchetti, M
                       and Sadovsky, S and Safarík, K and Sahlmuller, B and
                       Sahoo, R and Sahu, P K and Saini, J and Salgado, C A and
                       Salzwedel, J and Sambyal, S and Samsonov, V and Sanchez
                       Castro, X and Sánchez Rodríguez, F J and sándor, L and
                       Sandoval, A and Sano, M and Santagati, G and Santoro, R and
                       Sarkar, D and Scapparone, E and Scarlassara, F and
                       Scharenberg, R P and Schiaua, C and Schicker, R and
                       Schipper, J D and Schmidt, C and Schmidt, H R and
                       Schuchmann, S and Schukraft, J and Schulc, M and Schuster,
                       T and Schutz, Y and Schwarz, K and Schweda, K and Scioli, G
                       and Scomparin, E and Scott, P A and Scott, R and Segato, G
                       and Seger, J E and Selyuzhenkov, I and Senyukhov, S and
                       Seo, J and Serradilla, E and Sevcenco, A and Sgura, I and
                       Shabetai, A and Shabratova, G and Shahoyan, R and
                       Shangaraev, A and Sharma, N and Sharma, S and Shigaki, K
                       and Shtejer, K and Sibiriak, Y and Siddhanta, S and
                       Siemiarczuk, T and Silvermyr, D and Silvestre, C and
                       Simatovic, G and Singaraju, R and Singh, R and Singha, S
                       and Singhal, V and Sinha, B C and Sinha, T and Sitar, B and
                       Sitta, M and Skaali, T B and Skjerdal, K and Smakal, R and
                       Smirnov, N and Snellings, R J M and Snoeys, W and Sogaard,
                       C and Soltz, R and Song, J and Song, M and Sooden, V and
                       Soramel, F and Sorensen, S and Spacek, M and spalek, J and
                       Spiriti, E and Sputowska, I and Spyropoulou-Stassinaki, M
                       and Srivastava, B K and Stachel, J and Stan, I and
                       Stefanek, G and Steinpreis, M and Stenlund, E and Steyn, G
                       and Stiller, J H and Stocco, D and Stolpovskiy, M and
                       Strmen, P and Suaide, A A P and Subieta Vasquez, M A and
                       Sugitate, T and Suire, C and Suleymanov, M and suljic, M
                       and Sultanov, R and sumbera, M and Sun, X and Susa, T and
                       Symons, T J M and Szanto de Toledo, A and Szarka, I and
                       Szczepankiewicz, A and Szymanski, M and Takahashi, J and
                       Tangaro, M A and Tapia Takaki, J D and Tarantola Peloni, A
                       and Tarazona Martinez, A and Tauro, A and Tejeda Muñoz, G
                       and Telesca, A and Terrevoli, C and Ter Minasyan, A and
                       Thäder, J and Thomas, D and Tieulent, R and Timmins, A R
                       and Toia, A and Torii, H and Trubnikov, V and Trzaska, W H
                       and Tsuji, T and Tumkin, A and Turchetta, R and Turrisi, R
                       and Tveter, T S and Tymchuk, I T and Ulery, J and Ullaland,
                       K and Uras, A and Usai, G L and Vajzer, M and Vala, M and
                       Valencia Palomo, L and Valentino, V and Valin, I and
                       Vallero, S and Vande Vyvre, P and Vannucci, L and Van Der
                       Maarel, J and Van Hoorne, J W and van Leeuwen, M and
                       Vargas, A and Varma, R and Vasileiou, M and Vasiliev, A and
                       Vasta, P and Vechernin, V and Veldhoen, M and Velure, A and
                       Venaruzzo, M and Vercellin, E and Vergara Limón, S and
                       Verlaat, B and Vernet, R and Verweij, M and Vickovic, L and
                       Viesti, G and Viinikainen, J and Vilakazi, Z and Villalobos
                       Baillie, O and Vinogradov, A and Vinogradov, L and
                       Vinogradov, Y and Virgili, T and Viyogi, Y P and
                       Vodopyanov, A and Völkl, M A and Voloshin, K and Voloshin,
                       S A and Volpe, G and von Haller, B and Vorobyev, I and
                       Vranic, D and Vrláková, J and Vulpescu, B and Vyushin, A
                       and Wagner, B and Wagner, J and Wagner, V and Wang, M and
                       Wang, Y and Watanabe, D and Weber, M and Wessels, J P and
                       Westerhoff, U and Wiechula, J and Wikne, J and Wilde, M and
                       Wilk, G and Wilkinson, J and Williams, M C S and
                       Windelband, B and Winn, M and Winter, M and Xiang, C and
                       Yaldo, C G and Yamaguchi, Y and Yang, H and Yang, P and
                       Yang, S and Yano, S and Yasnopolskiy, S and Yi, J and Yin,
                       Z and Yoo, I -K and Yushmanov, I and Zaccolo, V and Zach, C
                       and Zaman, A and Zampolli, C and Zaporozhets, S and
                       Zarochentsev, A and Závada, P and Zaviyalov, N and
                       Zbroszczyk, H and Zgura, I S and Zhalov, M and Zhang, F and
                       Zhang, H and Zhang, X and Zhang, Y and Zhao, C and
                       Zherebchevsky, V I and Zhou, D and Zhou, F and Zhou, Y and
                       Zhu, H and Zhu, J and Zhu, X and Zichichi, A and
                       Zimmermann, A and Zinovjev, G and Zoccarato, Y and
                       Zynovyev, M and Zyzak, M",
      title         = "{Upgrade of the ALICE Experiment: Letter of Intent}",
      institution   = "CERN",
      collaboration = "ALICE Collaboration",
      address       = "Geneva",
      number        = "CERN-LHCC-2012-012. LHCC-I-022. ALICE-UG-002",
      month         = "Aug",
      year          = "2012",
      reportNumber  = "CERN-LHCC-2012-012",
      url           = "https://cds.cern.ch/record/1475243",
}

@article{Kampert_cr_review,
      author         = "Kampert, Karl-Heinz and Unger, Michael",
      title          = "{Measurements of the Cosmic Ray Composition with Air Shower Experiments}",
      journal        = "Astropart. Phys.",
      volume         = "35",
      year           = "2012",
      pages          = "660-678",
      doi            = "10.1016/j.astropartphys.2012.02.004",
      eprint         = "1201.0018",
      archivePrefix  = "arXiv",
      primaryClass   = "astro-ph.HE",
      SLACcitation   = "%%CITATION = ARXIV:1201.0018;%%"
}

@article{IceCube:2018dnn,
      author         = "{Liverpool Telescope} and MAGIC and {H.E.S.S.} and AGILE and Kiso and
                        {VLA/17B-403} and INTEGRAL and Kapteyn and Subaru and HAWC and Fermi-LAT and
                        ASAS-SN and VERITAS and Kanata and IceCube and {Swift NuSTAR}",
      title          = "{Multimessenger observations of a flaring blazar
                        coincident with high-energy neutrino IceCube-170922A}",
      collaboration  = "Liverpool Telescope, MAGIC, H.E.S.S., AGILE, Kiso,
                        VLA/17B-403, INTEGRAL, Kapteyn, Subaru, HAWC, Fermi-LAT,
                        ASAS-SN, VERITAS, Kanata, IceCube, Swift NuSTAR",
      journal        = "Science",
      volume         = "361",
      year           = "2018",
      number         = "6398",
      pages          = "eaat1378",
      doi            = "10.1126/science.aat1378",
      eprint         = "1807.08816",
      archivePrefix  = "arXiv",
      primaryClass   = "astro-ph.HE",
      SLACcitation   = "%%CITATION = ARXIV:1807.08816;%%"
}

@article{Werner:2005jf,
      author         = "Werner, Klaus and Liu, Fu-Ming and Pierog, Tanguy",
      title          = "{Parton ladder splitting and the rapidity dependence of
                        transverse momentum spectra in deuteron-gold collisions at
                        RHIC}",
      journal        = "Phys. Rev.",
      volume         = "C74",
      year           = "2006",
      pages          = "044902",
      doi            = "10.1103/PhysRevC.74.044902",
      eprint         = "hep-ph/0506232",
      archivePrefix  = "arXiv",
      primaryClass   = "hep-ph",
      SLACcitation   = "%%CITATION = HEP-PH/0506232;%%"
}

@article{Ostapchenko:2005nj,
      author         = "Ostapchenko, S.",
      title          = "{Nonlinear screening effects in high energy hadronic
                        interactions}",
      journal        = "Phys. Rev.",
      volume         = "D74",
      year           = "2006",
      number         = "1",
      pages          = "014026",
      doi            = "10.1103/PhysRevD.74.014026",
      eprint         = "hep-ph/0505259",
      archivePrefix  = "arXiv",
      primaryClass   = "hep-ph",
      SLACcitation   = "%%CITATION = HEP-PH/0505259;%%"
}

@article{Ostapchenko:2010vb,
      author         = "Ostapchenko, Sergey",
      title          = "{Monte Carlo treatment of hadronic interactions in
                        enhanced Pomeron scheme: I. QGSJET-II model}",
      journal        = "Phys. Rev.",
      volume         = "D83",
      year           = "2011",
      pages          = "014018",
      doi            = "10.1103/PhysRevD.83.014018",
      eprint         = "1010.1869",
      archivePrefix  = "arXiv",
      primaryClass   = "hep-ph",
      SLACcitation   = "%%CITATION = ARXIV:1010.1869;%%"
}

@article{Riehn:2017mfm,
      author         = "Riehn, Felix and Dembinski, Hans P. and Engel, Ralph and
                        Fedynitch, Anatoli and Gaisser, Thomas K. and Stanev,
                        Todor",
      title          = "{The hadronic interaction model SIBYLL 2.3c and Feynman
                        scaling}",
      booktitle      = "{Proceedings,  35th International Cosmic Ray Conference
                        (ICRC 2017): Bexco, Busan, Korea, July 12-20, 2017}",
      journal        = "PoS",
      volume         = "ICRC2017",
      year           = "2017",
      pages          = "301",
      eprint         = "1709.07227",
      archivePrefix  = "arXiv",
      primaryClass   = "hep-ph",
      SLACcitation   = "%%CITATION = ARXIV:1709.07227;%%"
}

@article{Aab:2014pza,
      author         = "Aab, Alexander and others",
      title          = "{Muons in air showers at the Pierre Auger Observatory: Mean number in highly inclined events}",
      collaboration  = "Pierre Auger",
      journal        = "Phys. Rev.",
      volume         = "D91",
      year           = "2015",
      number         = "3",
      pages          = "032003",
      doi            = "10.1103/PhysRevD.91.059901, 10.1103/PhysRevD.91.032003",
      note           = "[Erratum: Phys. Rev.D91,no.5,059901(2015)]",
      eprint         = "1408.1421",
      archivePrefix  = "arXiv",
      primaryClass   = "astro-ph.HE",
      reportNumber   = "FERMILAB-PUB-14-290-AD-AE-E-TD",
      SLACcitation   = "%%CITATION = ARXIV:1408.1421;%%"
}

@inproceedings{Dembinski:2017zkb,
      author         = "Dembinski, Hans",
      title          = "{Investigating cosmic rays and air shower physics with
                        IceCube/IceTop}",
      booktitle      = "{Proceedings, 19th International Symposium on Very High
                        Energy Cosmic Ray Interactions (ISVHECRI 2016): Moscow,
                        Russia, August 22-27, 2016}",
      collaboration  = "IceCube",
      journal        = "EPJ Web Conf.",
      volume         = "145",
      year           = "2017",
      pages          = "01003",
      doi            = "10.1051/epjconf/201614501003",
      SLACcitation   = "%%CITATION = 00776,145,01003;%%"
}

@article{Kokoulin:2009zz,
      author         = "Kokoulin, R. P. and Bogdanov, A. G. and Mannocchi, G. and
                        Petrukhin, A. A. and Saavedra, O. and Shutenko, V. V. and
                        Trinchero, G. and Yashin, I. I.",
      title          = "{Local muon density spectra at large zenith angles as a
                        probe of high-energy hadronic interaction models}",
      booktitle      = "{Proceedings, 15th International Symposium on Very High
                        Energy Cosmic Ray Interactions (ISVHECRI 2008): Paris,
                        France, September 1-6, 2008}",
      journal        = "Nucl. Phys. Proc. Suppl.",
      volume         = "196",
      year           = "2009",
      pages          = "106-109",
      doi            = "10.1016/j.nuclphysbps.2009.09.018",
      SLACcitation   = "%%CITATION = NUPHZ,196,106;%%"
}

@article{AbuZayyad:1999xa,
      author         = "Abu-Zayyad, T. and others",
      title          = "{Evidence for Changing of Cosmic Ray Composition between 10**17-eV and 10**18-eV from Multicomponent Measurements}",
      collaboration  = "MIA, HiRes",
      journal        = "Phys. Rev. Lett.",
      volume         = "84",
      year           = "2000",
      pages          = "4276-4279",
      doi            = "10.1103/PhysRevLett.84.4276",
      eprint         = "astro-ph/9911144",
      archivePrefix  = "arXiv",
      primaryClass   = "astro-ph",
      SLACcitation   = "%%CITATION = ASTRO-PH/9911144;%%"
}

@article{Aab:2014dua,
      author         = "Aab, Alexander and others",
      title          = "{Muons in air showers at the Pierre Auger Observatory:
                        Measurement of atmospheric production depth}",
      collaboration  = "Pierre Auger",
      journal        = "Phys. Rev.",
      volume         = "D90",
      year           = "2014",
      number         = "1",
      pages          = "012012",
      doi            = "10.1103/PhysRevD.92.019903, 10.1103/PhysRevD.90.012012,
                        10.1103/PhysRevD.90.039904",
      note           = "[Erratum: Phys. Rev.D92,no.1,019903(2015)]",
      eprint         = "1407.5919",
      archivePrefix  = "arXiv",
      primaryClass   = "hep-ex",
      reportNumber   = "FERMILAB-PUB-14-246-AD-AE-CD-TD",
      SLACcitation   = "%%CITATION = ARXIV:1407.5919;%%"
}

@article{Aaij:2018svt,
      author         = "Aaij, Roel and others",
      title          = "{Measurement of antiproton production in ${\rm p He}$
                        collisions at $\sqrt{s_{NN}}=110$ GeV}",
      collaboration  = "LHCb",
      journal        = "Submitted to: Phys. Rev. Lett.",
      year           = "2018",
      eprint         = "1808.06127",
      archivePrefix  = "arXiv",
      primaryClass   = "hep-ex",
      reportNumber   = "LHCb-PAPER-2018-031, CERN-EP-2018-217",
      SLACcitation   = "%%CITATION = ARXIV:1808.06127;%%"
}

@article{Aaij:2018ogq,
      author         = "Aaij, Roel and others",
      title          = "{First measurement of charm production in fixed-target
                        configuration at the LHC}",
      collaboration  = "LHCb",
      journal        = "Submitted to: Phys. Rev. Lett.",
      year           = "2018",
      eprint         = "1810.07907",
      archivePrefix  = "arXiv",
      primaryClass   = "hep-ex",
      reportNumber   = "LHCb-PAPER-2018-023, CERN-EP-2018-266",
      SLACcitation   = "%%CITATION = ARXIV:1810.07907;%%"
}

@article{Loizides:2017ack,
      author         = "Loizides, Constantin and Kamin, Jason and d'Enterria,
                        David",
      title          = "{Improved Monte Carlo Glauber predictions at present and
                        future nuclear colliders}",
      journal        = "Phys. Rev.",
      volume         = "C97",
      year           = "2018",
      number         = "5",
      pages          = "054910",
      doi            = "10.1103/PhysRevC.97.054910",
      eprint         = "1710.07098",
      archivePrefix  = "arXiv",
      primaryClass   = "nucl-ex",
      SLACcitation   = "%%CITATION = ARXIV:1710.07098;%%"
}

%%LHCb part




@article{AMS02,
      author         = "Kounine, Andrei",
      title          = "{The Alpha Magnetic Spectrometer on the International
                        Space Station}",
      journal        = "Int. J. Mod. Phys.",
      volume         = "E21",
      year           = "2012",
      number         = "08",
      pages          = "1230005",
      doi            = "10.1142/S0218301312300056",
      SLACcitation   = "%%CITATION = IMPAE,E21,1230005;%%"
}


@article{Pamela,
      author         = "Bonvicini, V. and others",
      title          = "{The PAMELA experiment in space}",
      booktitle      = "{Frontier detectors for frontier physics. Proceedings,
                        8th Pisa Meeting on Advanced Detectors: La Biodola, Italy,
                        May 21-27, 2000}",
      collaboration  = "PAMELA collaboration",
      journal        = "Nucl. Instrum. Meth.",
      volume         = "A461",
      year           = "2001",
      pages          = "262-268",
      doi            = "10.1016/S0168-9002(00)01221-3",
      SLACcitation   = "%%CITATION = NUIMA,A461,262;%%"
}

@article{amsPbar,
      author         = "Aguilar, M. and others",
      title          = "{Antiproton Flux, Antiproton-to-Proton Flux Ratio, and
                        Properties of Elementary Particle Fluxes in Primary Cosmic
                        Rays Measured with the Alpha Magnetic Spectrometer on the
                        International Space Station}",
      collaboration  = "AMS collaboration",
      journal        = "Phys. Rev. Lett.",
      volume         = "117",
      year           = "2016",
      pages          = "091103",
      doi            = "10.1103/PhysRevLett.117.091103",
      SLACcitation   = "%%CITATION = PRLTA,117,091103;%%"
}



@article{pamelaPbar,
author="Adriani, O. and others",
title="{Measurement of the flux of primary cosmic ray antiprotons with energies of 60 MeV to 350 GeV in the PAMELA experiment}",
collaboration  = "PAMELA collaboration",
journal="JETP Letters",
year="2013",
volume="96",
pages="621--627",
issn="1090-6487",
doi="10.1134/S002136401222002X",
url="http://dx.doi.org/10.1134/S002136401222002X"
}


@article{Anticic:2009wd,
      author         = "Anticic, T. and others",
      title          = "{Inclusive production of protons, anti-protons and
                        neutrons in p+p collisions at 158-GeV/c beam momentum}",
      collaboration  = "NA49 collaboration",
      journal        = "Eur. Phys. J.",
      volume         = "C65",
      year           = "2010",
      pages          = "9-63",
      doi            = "10.1140/epjc/s10052-009-1172-2",
      eprint         = "0904.2708",
      archivePrefix  = "arXiv",
      primaryClass   = "hep-ex",
      reportNumber   = "CERN-PH-EP-2009-006",
      SLACcitation   = "%%CITATION = ARXIV:0904.2708;%%"
}

@article{Baatar:2012fua,
      author         = "Baatar, B. and others",
      title          = "{Inclusive production of protons, anti-protons, neutrons,
                        deuterons and tritons in p+C collisions at 158 GeV/c beam
                        momentum}",
      collaboration  = "NA49 collaboration",
      journal        = "Eur. Phys. J.",
      volume         = "C73",
      year           = "2013",
      pages          = "2364",
      doi            = "10.1140/epjc/s10052-013-2364-3",
      eprint         = "1207.6520",
      archivePrefix  = "arXiv",
      primaryClass   = "hep-ex",
      reportNumber   = "CERN-PH-EP-2012-153",
      SLACcitation   = "%%CITATION = ARXIV:1207.6520;%%"
}

@article{diMauro:2014zea,
      author         = "di Mauro, Mattia and Donato, Fiorenza and Goudelis,
                        Andreas and Serpico, Pasquale Dario",
      title          = "{New evaluation of the antiproton production cross
                        section for cosmic ray studies}",
      journal        = "Phys. Rev.",
      volume         = "D90",
      year           = "2014",
      pages          = "085017",
      doi            = "10.1103/PhysRevD.90.085017",
      eprint         = "1408.0288",
      archivePrefix  = "arXiv",
      primaryClass   = "hep-ph",
      reportNumber   = "LAPTH-051-14",
      SLACcitation   = "%%CITATION = ARXIV:1408.0288;%%"
}

@article{Giesen:2015ufa,
      author         = "Giesen, Gaëlle and Boudaud, Mathieu and Génolini, Yoann
                        and Poulin, Vivian and Cirelli, Marco and Salati, Pierre
                        and Serpico, Pasquale D.",
      title          = "{AMS-02 antiprotons, at last! Secondary astrophysical
                        component and immediate implications for Dark Matter}",
      journal        = "JCAP",
      volume         = "09",
      year           = "2015",
      pages          = "023",
      doi            = "10.1088/1475-7516/2015/09/023,
                        10.1088/1475-7516/2015/9/023",
      eprint         = "1504.04276",
      archivePrefix  = "arXiv",
      primaryClass   = "astro-ph.HE",
      reportNumber   = "SACLAY-T13-137, LAPTH-019-15, LAPP-EXP-2015-01",
      SLACcitation   = "%%CITATION = ARXIV:1504.04276;%%"
}

@article{Kappl:2015bqa,
      author         = "Kappl, Rolf and Reinert, Annika and Winkler, Martin
                        Wolfgang",
      title          = "{AMS-02 Antiprotons Reloaded}",
      journal        = "JCAP",
      volume         = "10",
      year           = "2015",
      pages          = "034",
      doi            = "10.1088/1475-7516/2015/10/034",
      eprint         = "1506.04145",
      archivePrefix  = "arXiv",
      primaryClass   = "astro-ph.HE",
      SLACcitation   = "%%CITATION = ARXIV:1506.04145;%%"
}
@article{na49,
      author         = "Baatar, B. and others",
      title          = "{Inclusive production of protons, anti-protons, neutrons,
                        deuterons and tritons in p+C collisions at 158 GeV/c beam
                        momentum}",
      collaboration  = "NA49 collaboration",
      journal        = "Eur. Phys. J.",
      volume         = "C73",
      year           = "2013",
      pages          = "2364",
      doi            = "10.1140/epjc/s10052-013-2364-3",
      eprint         = "1207.6520",
      archivePrefix  = "arXiv",
      primaryClass   = "hep-ex",
      reportNumber   = "CERN-PH-EP-2012-153",
      SLACcitation   = "%%CITATION = ARXIV:1207.6520;%%"
}

@misc{smogtwiki,
         note           = "\href{https://lbtwiki.cern.ch/bin/view/VELO/Smog}{lbtwiki.cern.ch/bin/view/VELO/Smog}, \href{https://lbtwiki.cern.ch/bin/view/VELO/SmogAsFixedTarget}{lbtwiki.cern.ch/bin/view/VELO/SmogAsFixedTarget}, \href{https://twiki.cern.ch/bin/view/LHCbPhysics/LumiGroupOperations2016\#May\_2016\_plan\_VDM\_BGI\_pHe\_physic}{twiki.cern.ch/bin/view/LHCbPhysics/LumiGroupOperations2016\# May\_2016\_plan\_VDM\_BGI\_pHe\_physic}, \href{https://lwiki.cern.ch/bin/view/LHCbPhysics/SmogpHe2016}{twiki.cern.ch/bin/view/LHCbPhysics/SmogpHe2016}, 

\href{https://twiki.cern.ch/bin/view/LHCbPhysics/SmogRuns}{twiki.cern.ch/bin/view/LHCbPhysics/SmogRuns}" }


@misc{trktwiki,
         note           = "\href{https://twiki.cern.ch/twiki/bin/view/LHCb/LHCbTrackingEfficiencies}{https://twiki.cern.ch/twiki/bin/view/LHCb/LHCbTrackingEfficiencies}"
}

@misc{massi,
author = "Ferro-Luzzi, Massimiliano",
title          = "Presentation at Luminosity Meeting",
note           = "\href{https://indico.cern.ch/event/558793/contributions/2254474}{Aug 22, 2016}"}

@misc{george,
author = "Coombs, George",
title          = "Presentation at Luminosity Meeting",
note           = "\href{https://indico.cern.ch/event/618545/contributions/2496418}{Mar 6, 2017}"}


@article{LHCb-ANA-2017-010,
      author        = "Maurice, Emilie Amandine and Bossu, Francesco and Fleuret,
                       Frederic Domini and Robbe, Patrick and Massacrier, Laure
                       Marie and Winn, Michael Andreas and Zhang, Yanxi",
      title         = "{Study of J/$\psi$ and $D^0$ production in pAr collisions
                       at $\sqrt{s_{NN}} = 110 GeV$}",
      month         = "Jan",
      year          = "2017",
      report        = "{LHCb-ANA-2017-010}",
      url           = "https://cds.cern.ch/record/2242882",
}


@techreport{Ferro-Luzzi:2053320,
      author        = "Ferro-Luzzi, Massimiliano",
      title         = "{Considerations about luminosity determination in LHCb
                       gaseous fixed target experiments}",
      institution   = "CERN",
      address       = "Geneva",
      number        = "LHCb-INT-2015-031. CERN-LHCb-INT-2015-031",
      month         = "Sep",
      year          = "2015",
      reportNumber  = "LHCb-INT-2015-031",
      url           = "https://cds.cern.ch/record/2053320",
}

@techreport{Ferro-Luzzi:smog_operations,
      author        = "Ferro-Luzzi, Massimiliano",
      title         = "{Report on SMOG operations in 2015 and 2016 as gaseous
                       fixed target in LHCb}",
      institution   = "CERN",
      address       = "Geneva",
      number        = "LHCb-INT-2017-xxx. CERN-LHCb-INT-2017-xxx",
      year          = "2017",
      reportNumber  = "LHCb-INT-2017-xxx",
      note         = "in preparation"
}

@techreport{massIonization,
      author        = "Ferro-Luzzi, Massimiliano",
      title         = "{Reconsideration of luminosity determination in LHCb gaseous fixed target experiments}",
      institution   = "CERN",
      address       = "Geneva",
      number        = "LHCb-INT-2017-xxx. CERN-LHCb-INT-2017-xxx",
      year          = "2017",
      reportNumber  = "LHCb-INT-2017-xxx",
      note          = "in preparation"
}

@misc{workshopTorino,
title="{The p-He cross section measurement: a physics case from cosmic rays}",
note           = "Workshop, Torino 6-7 July 2015, \href{https://agenda.infn.it/conferenceTimeTable.py?confId=9748#20150706}{Indico site}"
}




@phdthesis{smog,
      author        = "Barschel, Colin",
      title         = "{Precision luminosity measurement at LHCb with beam-gas
                       imaging}",
      school        = "RWTH Aachen U.",
      year          = "2014",
      note          = "\href{https://cds.cern.ch/record/1693671}{CERN-THESIS-2013-301}" 
}


@article{Pierog:2013ria,
      author         = "Pierog, T. and Karpenko, Iu. and Katzy, J. M. and
                        Yatsenko, E. and Werner, K.",
      title          = "{EPOS LHC: Test of collective hadronization with data
                        measured at the CERN Large Hadron Collider}",
      journal        = "Phys. Rev.",
      volume         = "C92",
      year           = "2015",
      pages          = "034906",
      doi            = "10.1103/PhysRevC.92.034906",
      eprint         = "1306.0121",
      archivePrefix  = "arXiv",
      primaryClass   = "hep-ph",
      reportNumber   = "DESY-13-125",
      SLACcitation   = "%%CITATION = ARXIV:1306.0121;%%"
}


@article{LHCb-2011-025,
      author        = "Jaeger,A. and Seyfert, P. and  De Cian, M. and Wandernoth, S. 
                        and Tilburg, J. and Hansmann-Menzemer, S",
      title         = "Measurement of the track finding efficiency",
      year          = "2011",
      reportNumber  = "LHCb-2011-025",
      url           = "https://cds.cern.ch/record/1402577",
}

@techreport{LHCb-PUB-2016-005,
      author        = "Lupton, Olli and Anderlini, Lucio and Sciascia, Barbara
                       and Gligorov, Vladimir",
      title         = "{Calibration samples for particle identification at LHCb
                       in Run 2}",
      institution   = "CERN",
      address       = "Geneva",
      number        = "LHCb-PUB-2016-005. CERN-LHCb-PUB-2016-005",
      month         = "Mar",
      year          = "2016",
      reportNumber  = "LHCb-PUB-2016-005",
      url           = "https://cds.cern.ch/record/2134057",
}

@article{Maltoni:2006yp,
      author         = "Maltoni, F. and others",
      title          = "{Analysis of charmonium production at fixed-target
                        experiments in the NRQCD approach}",
      journal        = "Phys. Lett.",
      volume         = "B638",
      year           = "2006",
      pages          = "202-208",
      doi            = "10.1016/j.physletb.2006.05.010",
      eprint         = "hep-ph/0601203",
      archivePrefix  = "arXiv",
      primaryClass   = "hep-ph",
      SLACcitation   = "%%CITATION = HEP-PH/0601203;%%"
}

@misc{oscar,
author = "Adriani, Oscar",
title          = "{Cosmic Rays, future}",
note           = " \href{https://agenda.infn.it/materialDisplay.py?contribId=31&materialId=slides&confId=9191}{presentation at the "Hadron Physics and Non Perturbative QCD 2015" Workshop  - Cortona, Italy}"
}

@misc{lorenzo,
author = "Bonechi, Lorenzo and others",
title          = "{Measurement of the production cross section of anti-protons in proton -light ion collisions exploiting the LHCbSMOG system}",
note           = "\href{https://indico.cern.ch/event/327682/contributions/761764/attachments/636862/876597/20150512_LHCb_antiproton_SMOG.pdf}{Presentation at the Tuesday Meeting, }"
}
@article{Rosenbluth:1950yq,
      author         = "Rosenbluth, M. N.",
      title          = "{High Energy Elastic Scattering of Electrons on Protons}",
      journal        = "Phys. Rev.",
      volume         = "79",
      year           = "1950",
      pages          = "615-619",
      doi            = "10.1103/PhysRev.79.615",
      SLACcitation   = "%%CITATION = PHRVA,79,615;%%"
}

@article{Ostapchenko:2010vb,
      author         = "Ostapchenko, Sergey",
      title          = "{Monte Carlo treatment of hadronic interactions in
                        enhanced Pomeron scheme: I. QGSJET-II model}",
      journal        = "Phys. Rev.",
      volume         = "D83",
      year           = "2011",
      pages          = "014018",
      doi            = "10.1103/PhysRevD.83.014018",
      eprint         = "1010.1869",
      archivePrefix  = "arXiv",
      primaryClass   = "hep-ph",
      SLACcitation   = "%%CITATION = ARXIV:1010.1869;%%"
}


@article{Pierog:2009zt,
      author         = "Pierog, T. and Werner, K.",
      title          = "{EPOS Model and Ultra High Energy Cosmic Rays}",
      booktitle      = "{Proceedings, 15th International Symposium on Very High
                        Energy Cosmic Ray Interactions (ISVHECRI 2008): Paris,
                        France, September 1-6, 2008}",
      journal        = "Nucl. Phys. Proc. Suppl.",
      volume         = "196",
      year           = "2009",
      pages          = "102-105",
      doi            = "10.1016/j.nuclphysbps.2009.09.017",
      eprint         = "0905.1198",
      archivePrefix  = "arXiv",
      primaryClass   = "hep-ph",
      SLACcitation   = "%%CITATION = ARXIV:0905.1198;%%"
}

@article{Gyulassy:1994ew,
      author         = "Gyulassy, Miklos and Wang, Xin-Nian",
      title          = "{HIJING 1.0: A Monte Carlo program for parton and
                        particle production in high-energy hadronic and nuclear
                        collisions}",
      journal        = "Comput. Phys. Commun.",
      volume         = "83",
      year           = "1994",
      pages          = "307",
      doi            = "10.1016/0010-4655(94)90057-4",
      eprint         = "nucl-th/9502021",
      archivePrefix  = "arXiv",
      primaryClass   = "nucl-th",
      reportNumber   = "LBL-34246",
      SLACcitation   = "%%CITATION = NUCL-TH/9502021;%%"
}

@article{Kachelriess:2015wpa,
      author         = "Kachelriess, Michael and Moskalenko, Igor V. and
                        Ostapchenko, Sergey S.",
      title          = "{New calculation of antiproton production by cosmic ray
                        protons and nuclei}",
      journal        = "Astrophys. J.",
      volume         = "803",
      year           = "2015",
      number         = "2",
      pages          = "54",
      doi            = "10.1088/0004-637X/803/2/54",
      eprint         = "1502.04158",
      archivePrefix  = "arXiv",
      primaryClass   = "astro-ph.HE",
      SLACcitation   = "%%CITATION = ARXIV:1502.04158;%%"
}

@article{Gramolin:2014pva,
      author         = "Gramolin, A. V. and Fadin, V. S. and Feldman, A. L. and
                        Gerasimov, R. E. and Nikolenko, D. M. and Rachek, I. A.
                        and Toporkov, D. K.",
      title          = "{A new event generator for the elastic scattering of
                        charged leptons on protons}",
      journal        = "J. Phys.",
      volume         = "G41",
      year           = "2014",
      number         = "11",
      pages          = "115001",
      doi            = "10.1088/0954-3899/41/11/115001",
      eprint         = "1401.2959",
      archivePrefix  = "arXiv",
      primaryClass   = "nucl-ex",
      SLACcitation   = "%%CITATION = ARXIV:1401.2959;%%"
}

@article{PhysRevC.62.054320,
  title = {Radiative corrections to electron-proton scattering},
  author = {Maximon, L. C. and Tjon, J. A.},
  journal = {Phys. Rev. C},
  volume = {62},
  issue = {5},
  pages = {054320},
  numpages = {17},
  year = {2000},
  month = {Oct},
  publisher = {American Physical Society},
  doi = {10.1103/PhysRevC.62.054320},
  url = {https://link.aps.org/doi/10.1103/PhysRevC.62.054320}
}



@article{3dpdf,
      title          = "{The 3-D Structure of the Nucleon}",
      journal        = "Eur. Phys. J.",
      volume         = "A52",
      year           = "2016",
      number         = "6",
      editor         = "Anselmino, M. and Guidal, M. and Rossi P.",
      url            = "https://epja.epj.org/component/toc/?task=topic&id=591"
}

@article{Airapetian:2004yf,
      author         = "Airapetian, A. and others",
      title          = "{The HERMES polarized hydrogen and deuterium gas target
                        in the HERA electron storage ring}",
      collaboration  = "HERMES collaboration" ,
      journal        = "Nucl. Instrum. Meth.",
      volume         = "A540",
      year           = "2005",
      pages          = "68-101",
      doi            = "10.1016/j.nima.2004.11.020",
      eprint         = "physics/0408137",
      archivePrefix  = "arXiv",
      primaryClass   = "physics",
      reportNumber   = "DESY-04-128",
      SLACcitation   = "%%CITATION = PHYSICS/0408137;%%"
}

@article{Hast:1994qx,
      author         = "Hast, C. and others",
      title          = "{Test of internal Halo targets in the HERA proton ring}",
      journal        = "Nucl. Instrum. Meth.",
      volume         = "A354",
      year           = "1995",
      pages          = "224-248",
      doi            = "10.1016/0168-9002(94)01015-3",
      reportNumber   = "DESY-94-119",
      SLACcitation   = "%%CITATION = NUIMA,A354,224;%%"
}

@article{Brodsky:2012vg,
      author         = "Brodsky, S. J. and Fleuret, F. and Hadjidakis, C. and
                        Lansberg, J. P.",
      title          = "{Physics Opportunities of a Fixed-Target Experiment using
                        the LHC Beams}",
      journal        = "Phys. Rept.",
      volume         = "522",
      year           = "2013",
      pages          = "239-255",
      doi            = "10.1016/j.physrep.2012.10.001",
      eprint         = "1202.6585",
      archivePrefix  = "arXiv",
      primaryClass   = "hep-ph",
      reportNumber   = "SLAC-PUB-14878",
      SLACcitation   = "%%CITATION = ARXIV:1202.6585;%%"
}


@article{after,
      title          = "{Physics at a Fixed-Target Experiment Using the LHC Beams}",
      journal      = "Adv. High Energy Phys.",
      volume         = "2015",
      year           = "2015",
      note           = "Special Issue",
      editor        = " Lansberg, J. P. and Cavoto, G. and Hadjidakis, C and He, J. and Lorcé, C. and Trzeciak, B."
}

@article{Kikola:2017hnp,
      author         = "Kikoła, Daniel and Echevarria, Miguel García and
                        Hadjidakis, Cynthia and Lansberg, Jean-Philippe and
                        Lorcé, Cedric and Massacrier, Laure and Quintans,
                        Catarina Marques and Signori, Andrea and Trzeciak,
                        Barbara",
      title          = "{Feasibility Studies for Single Transverse-Spin Asymmetry
                        Measurements at a Fixed-Target Experiment Using the LHC
                        Proton and Lead Beams (AFTER@LHC)}",
      journal        = "Few Body Syst.",
      volume         = "58",
      year           = "2017",
      number         = "4",
      pages          = "139",
      doi            = "10.1007/s00601-017-1299-x",
      eprint         = "1702.01546",
      archivePrefix  = "arXiv",
      primaryClass   = "hep-ex",
      reportNumber   = "JLAB-THY-17-2401",
      SLACcitation   = "%%CITATION = ARXIV:1702.01546;%%"
}


@misc{FerroLuzzi:PBC2018,
  author        = "Ferro-Luzzi, M.",
  title         = "{LHC fixed target}",
  howpublished  = "Physics Beyond Colliders Annual Workshop, CERN",
  month         = "21-22 November",
  year          = "2017"
}



@article{Accardi:2012qut,
      author         = "Accardi, A. and others",
      editor         = "Deshpande, A. and Meziani, Z. E. and Qiu, J. W.",
      title          = "{Electron Ion Collider: The Next QCD Frontier}",
      journal        = "Eur. Phys. J.",
      volume         = "A52",
      year           = "2016",
      number         = "9",
      pages          = "268",
      doi            = "10.1140/epja/i2016-16268-9",
      eprint         = "1212.1701",
      archivePrefix  = "arXiv",
      primaryClass   = "nucl-ex",
      reportNumber   = "BNL-98815-2012-JA, JLAB-PHY-12-1652",
      SLACcitation   = "%%CITATION = ARXIV:1212.1701;%%"
}

@article{Hadjidakis:2018ifr,
      author         = "Hadjidakis, C. and others",
      title          = "{A Fixed-Target Programme at the LHC: Physics Case and
                        Projected Performances for Heavy-Ion, Hadron, Spin and
                        Astroparticle Studies}",
      year           = "2018",
      eprint         = "1807.00603",
      archivePrefix  = "arXiv",
      primaryClass   = "hep-ex",
      reportNumber   = "IFJPAN-IV-2018-11, JLAB-THY-18-2756, SLAC-PUB-17291",
      SLACcitation   = "%%CITATION = ARXIV:1807.00603;%%"
}

@misc{pasqualePBC,
  author        = "Di Nezza, P. and others",
  title         = "{The SMOG2 and polarised gas target proposal}",
  howpublished  = "\href{https://indico.cern.ch/event/707417/}{Physics Beyond Colliders QCD Working Group Meeting}",
  month         = "March 2nd",
  year          = "2018"
}




@article{Aramaki:2015pii,
      author         = "Aramaki, T. and others",
      title          = "{Review of the theoretical and experimental status of
                        dark matter identification with cosmic-ray antideuterons}",
      journal        = "Phys. Rept.",
      volume         = "618",
      year           = "2016",
      pages          = "1-37",
      doi            = "10.1016/j.physrep.2016.01.002",
      eprint         = "1505.07785",
      archivePrefix  = "arXiv",
      primaryClass   = "hep-ph",
      SLACcitation   = "%%CITATION = ARXIV:1505.07785;%%"
}
@article{Acharya:2017fvb,
      author         = "Acharya, Shreyasi and others",
      title          = "{Production of deuterons, tritons, $^{3}$He nuclei and
                        their antinuclei in pp collisions at
                        $\mathbf{\sqrt{{\textit s}}}$ = 0.9, 2.76 and 7 TeV}",
      collaboration  = "ALICE collaboration",
      journal        = "Phys. Rev.",
      volume         = "C97",
      year           = "2018",
      number         = "2",
      pages          = "024615",
      doi            = "10.1103/PhysRevC.97.024615",
      eprint         = "1709.08522",
      archivePrefix  = "arXiv",
      primaryClass   = "nucl-ex",
      reportNumber   = "CERN-EP-2017-255",
      SLACcitation   = "%%CITATION = ARXIV:1709.08522;%%"
}

@article{Fischer:2003xh,
      author         = "Fischer, H. G.",
      title          = "{Baryon yields, isospin effects and strangeness
                        production in elementary hadronic interactions}",
      booktitle      = "{Quark and hadron dynamics. Proceedings, Workshop,
                        Budapest, Hungary, March 3-7, 2002}",
      collaboration  = "NA49 collaboration",
      journal        = "Acta Phys. Hung.",
      volume         = "A17",
      year           = "2003",
      pages          = "369-386",
      doi            = "10.1556/APH.17.2003.2-4.20",
      SLACcitation   = "%%CITATION = APHUE,A17,369;%%"
}

@article{Reinert:2017aga,
      author         = "Reinert, Annika and Winkler, Martin Wolfgang",
      title          = "{A Precision Search for WIMPs with Charged Cosmic Rays}",
      journal        = "JCAP",
      volume         = "1801",
      year           = "2018",
      number         = "01",
      pages          = "055",
      doi            = "10.1088/1475-7516/2018/01/055",
      eprint         = "1712.00002",
      archivePrefix  = "arXiv",
      primaryClass   = "astro-ph.HE",
      reportNumber   = "NORDITA-2017-127, BONN-TH-2017-12",
      SLACcitation   = "%%CITATION = ARXIV:1712.00002;%%"
}

@article{Korsmeier:2018gcy,
  title = "{Production cross sections of cosmic antiprotons in the light of new data from the NA61 and LHCb experiments}",
  author = "Korsmeier, Michael and Donato, Fiorenza and Di Mauro, Mattia",
  journal = "Phys. Rev. D",
  volume = "97",
  issue = "10",
  pages = "103019",
  numpages = "16",
  year = "2018",
  month = "May",
  publisher = "American Physical Society",
  doi = "10.1103/PhysRevD.97.103019",
  url = "https://link.aps.org/doi/10.1103/PhysRevD.97.103019",
  eprint         = "1802.03030",
  archivePrefix  = "arXiv",
  primaryClass   = "astro-ph.HE",
  SLACcitation   = "%%CITATION = ARXIV:1802.03030;%%"
}


@article{Ulrich:2015uwb,
      author         = "Ulrich, Ralf Matthias and Baus, Colin and Engel, Ralph
                        and Fedynitch, Anatoli and Kraemer, Uwe and Pierog, Tanguy
                        and Riehn, Felix",
      title          = "{The impact of a fixed-target experiment with LHC beam
                        for astroparticle physics}",
      booktitle      = "{Proceedings, 34th International Cosmic Ray Conference
                        (ICRC 2015): The Hague, The Netherlands, July 30-August 6,
                        2015}",
      journal        = "PoS",
      volume         = "ICRC2015",
      year           = "2016",
      pages          = "407",
      doi            = "10.22323/1.236.0407",
      SLACcitation   = "%%CITATION = POSCI,ICRC2015,407;%%"
}

@article{Aab:2014pza,
      author         = "Aab, Alexander and others",
      title          = "{Muons in air showers at the Pierre Auger Observatory:
                        Mean number in highly inclined events}",
      collaboration  = "Pierre Auger collaboration",
      journal        = "Phys. Rev.",
      volume         = "D91",
      year           = "2015",
      number         = "3",
      pages          = "032003",
      doi            = "10.1103/PhysRevD.91.059901, 10.1103/PhysRevD.91.032003",
      note           = "[Erratum: Phys. Rev.D91,no.5,059901(2015)]",
      eprint         = "1408.1421",
      archivePrefix  = "arXiv",
      primaryClass   = "astro-ph.HE",
      reportNumber   = "FERMILAB-PUB-14-290-AD-AE-E-TD",
      SLACcitation   = "%%CITATION = ARXIV:1408.1421;%%"
}
@article{Aartsen:2013jdh,
      author         = "Aartsen, M. G. and others",
      title          = "{Evidence for High-Energy Extraterrestrial Neutrinos at
                        the IceCube Detector}",
      collaboration  = "IceCube collaboration",
      journal        = "Science",
      volume         = "342",
      year           = "2013",
      pages          = "1242856",
      doi            = "10.1126/science.1242856",
      eprint         = "1311.5238",
      archivePrefix  = "arXiv",
      primaryClass   = "astro-ph.HE",
      SLACcitation   = "%%CITATION = ARXIV:1311.5238;%%"
}
@article{Benzke:2017yjn,
      author         = "Benzke, M. and Garzelli, M. V. and Kniehl, B. and Kramer,
                        G. and Moch, S. and Sigl, G.",
      title          = "{Prompt neutrinos from atmospheric charm in the
                        general-mass variable-flavor-number scheme}",
      journal        = "JHEP",
      volume         = "12",
      year           = "2017",
      pages          = "021",
      doi            = "10.1007/JHEP12(2017)021",
      eprint         = "1705.10386",
      archivePrefix  = "arXiv",
      primaryClass   = "hep-ph",
      reportNumber   = "DESY-17-073",
      SLACcitation   = "%%CITATION = ARXIV:1705.10386;%%"
}
@article{Garzelli:2016xmx,
      author         = "Garzelli, M. V. and Moch, S. and Zenaiev, O. and
                        Cooper-Sarkar, A. and Geiser, A. and Lipka, K. and
                        Placakyte, R. and Sigl, G.",
      title          = "{Prompt neutrino fluxes in the atmosphere with PROSA
                        parton distribution functions}",
      collaboration  = "PROSA collaboration",
      journal        = "JHEP",
      volume         = "05",
      year           = "2017",
      pages          = "004",
      doi            = "10.1007/JHEP05(2017)004",
      eprint         = "1611.03815",
      archivePrefix  = "arXiv",
      primaryClass   = "hep-ph",
      reportNumber   = "DESY-16-152",
      SLACcitation   = "%%CITATION = ARXIV:1611.03815;%%"
}
@article{Fedynitch:2018cbl,
      author         = "Fedynitch, Anatoli and Riehn, Felix and Engel, Ralph and
                        Gaisser, Thomas K. and Stanev, Todor",
      title          = "{The hadronic interaction model Sibyll-2.3c and inclusive
                        lepton fluxes}",
      year           = "2018",
      eprint         = "1806.04140",
      archivePrefix  = "arXiv",
      primaryClass   = "hep-ph",
      reportNumber   = "DESY-18-110",
      SLACcitation   = "%%CITATION = ARXIV:1806.04140;%%"
}
@article{Laha:2016dri,
      author         = "Laha, Ranjan and Brodsky, Stanley J.",
      title          = "{IceCube can constrain the intrinsic charm of the
                        proton}",
      journal        = "Phys. Rev.",
      volume         = "D96",
      year           = "2017",
      number         = "12",
      pages          = "123002",
      doi            = "10.1103/PhysRevD.96.123002",
      eprint         = "1607.08240",
      archivePrefix  = "arXiv",
      primaryClass   = "hep-ph",
      reportNumber   = "SLAC-PUB-16771",
      SLACcitation   = "%%CITATION = ARXIV:1607.08240;%%"
}
@article{Brodsky:1980pb,
      author         = "Brodsky, S. J. and Hoyer, P. and Peterson, C. and Sakai,
                        N.",
      title          = "{The Intrinsic Charm of the Proton}",
      journal        = "Phys. Lett.",
      volume         = "93B",
      year           = "1980",
      pages          = "451-455",
      doi            = "10.1016/0370-2693(80)90364-0",
      reportNumber   = "NORDITA-80-18",
      SLACcitation   = "%%CITATION = PHLTA,93B,451;%%"
}
@article{Brodsky:2015fna,
      author         = "Brodsky, S. J. and Kusina, A. and Lyonnet, F. and
                        Schienbein, I. and Spiesberger, H. and Vogt, R.",
      title          = "{A review of the intrinsic heavy quark content of the
                        nucleon}",
      journal        = "Adv. High Energy Phys.",
      volume         = "2015",
      year           = "2015",
      pages          = "231547",
      doi            = "10.1155/2015/231547",
      eprint         = "1504.06287",
      archivePrefix  = "arXiv",
      primaryClass   = "hep-ph",
      reportNumber   = "MITP-15-027, LPSC-15-082, SLAC-PUB-16258",
      SLACcitation   = "%%CITATION = ARXIV:1504.06287;%%"
}


@article{Bednyakov:2013zta,
      author         = "Bednyakov, V. A. and Demichev, M. A. and Lykasov, G. I.
                        and Stavreva, T. and Stockton, M.",
      title          = "{Searching for intrinsic charm in the proton at the LHC}",
      journal        = "Phys. Lett.",
      volume         = "B728",
      year           = "2014",
      pages          = "602-606",
      doi            = "10.1016/j.physletb.2013.12.031",
      eprint         = "1305.3548",
      archivePrefix  = "arXiv",
      primaryClass   = "hep-ph",
      SLACcitation   = "%%CITATION = ARXIV:1305.3548;%%"
}
@article{Lipatov:2016feu,
      author         = "Lipatov, A. V. and Lykasov, G. I. and Stepanenko, {\relax
                        Yu}. {\relax Yu}. and Bednyakov, V. A.",
      title          = "{Probing proton intrinsic charm in photon or Z boson
                        production accompanied by heavy jets at the LHC}",
      journal        = "Phys. Rev.",
      volume         = "D94",
      year           = "2016",
      number         = "5",
      pages          = "053011",
      doi            = "10.1103/PhysRevD.94.053011",
      eprint         = "1606.04882",
      archivePrefix  = "arXiv",
      primaryClass   = "hep-ph",
      reportNumber   = "DESY-16-164",
      SLACcitation   = "%%CITATION = ARXIV:1606.04882;%%"
}
@article{Bailas:2015jlc,
      author         = "Bailas, G. and Goncalves, V. P.",
      title          = "{Phenomenological implications of the intrinsic charm in
                        the $Z$ boson production at the LHC}",
      journal        = "Eur. Phys. J.",
      volume         = "C76",
      year           = "2016",
      number         = "3",
      pages          = "105",
      doi            = "10.1140/epjc/s10052-016-3941-z",
      eprint         = "1512.06007",
      archivePrefix  = "arXiv",
      primaryClass   = "hep-ph",
      SLACcitation   = "%%CITATION = ARXIV:1512.06007;%%"
}
@article{Boettcher:2015sqn,
      author         = "Boettcher, Tom and Ilten, Philip and Williams, Mike",
      title          = "{Direct probe of the intrinsic charm content of the
                        proton}",
      journal        = "Phys. Rev.",
      volume         = "D93",
      year           = "2016",
      number         = "7",
      pages          = "074008",
      doi            = "10.1103/PhysRevD.93.074008",
      eprint         = "1512.06666",
      archivePrefix  = "arXiv",
      primaryClass   = "hep-ph",
      SLACcitation   = "%%CITATION = ARXIV:1512.06666;%%"
}


@unpublished{Baker:2624025,
      author        = "Baker, Sophie Katherine",
      title         = "{Anti-deuteron sensitivity studies at LHCb}",
      month         = "Jun",
      year          = "2018",
      note  = "\href{https://cds.cern.ch/record/2624025}{CERN-Poster-2018-630}",
}
@article{Aartsen:2015xup,
      author         = "Aartsen, M. G. and others",
      title          = "{Measurement of the Atmospheric $\nu_e$ Spectrum with
                        IceCube}",
      collaboration  = "IceCube collaboration",
      journal        = "Phys. Rev.",
      volume         = "D91",
      year           = "2015",
      pages          = "122004",
      doi            = "10.1103/PhysRevD.91.122004",
      eprint         = "1504.03753",
      archivePrefix  = "arXiv",
      primaryClass   = "astro-ph.HE",
      SLACcitation   = "%%CITATION = ARXIV:1504.03753;%%"
}
@inproceedings{Aartsen:2015zva,
      author         = "Aartsen, M. G. and others",
      title          = "{The IceCube Neutrino Observatory - Contributions to ICRC
                        2015 Part II: Atmospheric and Astrophysical Diffuse
                        Neutrino Searches of All Flavors}",
      booktitle      = "{Proceedings, 34th International Cosmic Ray Conference
                        (ICRC 2015): The Hague, The Netherlands, July 30-August 6,
                        2015}",
      collaboration  = "IceCube collaboration",
      year           = "2015",
      eprint         = "1510.05223",
      archivePrefix  = "arXiv",
      primaryClass   = "astro-ph.HE",
      SLACcitation   = "%%CITATION = ARXIV:1510.05223;%%"
}

@misc{crmc,
author        = "Pierog, T. and Baus, C. and Ulrich, R.",
title         = "{CRMC (Cosmic Ray Monte Carlo package)}",
note           = " \href{https://web.ikp.kit.edu/rulrich/crmc.html}{web.ikp.kit.edu/rulrich/crmc.html}"
}

@article{Fletcher:1994bd,
      author         = "Fletcher, R. S. and Gaisser, T. K. and Lipari, Paolo and
                        Stanev, Todor",
      title          = "{SIBYLL: An Event generator for simulation of high-energy
                        cosmic ray cascades}",
      journal        = "Phys. Rev.",
      volume         = "D50",
      year           = "1994",
      pages          = "5710-5731",
      doi            = "10.1103/PhysRevD.50.5710",
      reportNumber   = "BA-94-01",
      SLACcitation   = "%%CITATION = PHRVA,D50,5710;%%"
}

@article{Denisov:2018unj,
      author         = "Denisov, O. {\relax Yu}.",
      title          = "{Letter of Intent: A New QCD facility at the M2 beam line
                        of the CERN SPS}",
      collaboration  = "A New QCD Facility at the M2 beam line of the CERN SPS",
      year           = "2018",
      eprint         = "1808.00848",
      archivePrefix  = "arXiv",
      primaryClass   = "hep-ex",
      SLACcitation   = "%%CITATION = ARXIV:1808.00848;%%"
}

@article{Maris,
collaboration  = "I.C.~Maris  for the NA61/SHINE Collaboration",
title ="{Hadron Production Measurements with the NA61/SHINE
Experiment and their Relevance for Air Shower Simulations}",
note      = "{\href{http://icrc2009.uni.lodz.pl/proc/pdf/icrc1095.pdf}{Proceedings, 31th International Cosmic Ray Conference
                        (ICRC 2009)}}",
year           = "2009"
}

@article{Adam:2016ich,
      author         = "Adam, Jaroslav and others",
      title          = "{$D$-meson production in $p$-Pb collisions at
                        $\sqrt{s_{NN}}=5.02\tev$ and in pp collisions at
                        $\sqrt{s}=7\tev$}",
      collaboration  = "ALICE collaboration",
      journal        = "Phys. Rev.",
      volume         = "C94",
      year           = "2016",
      pages          = "054908",
      doi            = "10.1103/PhysRevC.94.054908",
      eprint         = "1605.07569",
      archivePrefix  = "arXiv",
      primaryClass   = "nucl-ex",
      reportNumber   = "CERN-EP-2016-127",
      SLACcitation   = "%%CITATION = ARXIV:1605.07569;%%"
}
@article{Mangano:92,
	author           = " Mangano, Michelangelo L. and others",
    title            ="{Heavy quark correlations in hadron collisions at next-to-leading order}",
    journal          ="Nucl. Phys.",
    volume           ="B373",
    year             ="1992",
    pages            ="295",
    doi              ="10.1016/0550-3213(92)90435-E"
}

@article{Lansberg:2016deg,
      author         = "Lansberg, Jean-Philippe and Shao, Hua-Sheng",
      title          = "{Towards an automated tool to evaluate the impact of the
                        nuclear modification of the gluon density on quarkonium, D
                        and B meson production in proton–nucleus collisions}",
      journal        = "Eur. Phys. J.",
      volume         = "C77",
      year           = "2017",
      pages          = "1",
      doi            = "10.1140/epjc/s10052-016-4575-x",
      eprint         = "1610.05382",
      archivePrefix  = "arXiv",
      primaryClass   = "hep-ph",
      reportNumber   = "CERN-TH-2016-206",
      SLACcitation   = "%%CITATION = ARXIV:1610.05382;%%"
}

@article{Shao:2015vga,
      author         = "Shao, Hua-Sheng",
      title          = "{HELAC-Onia 2.0: an upgraded matrix-element and event
                        generator for heavy quarkonium physics}",
      journal        = "Comput. Phys. Commun.",
      volume         = "198",
      year           = "2016",
      pages          = "238-259",
      doi            = "10.1016/j.cpc.2015.09.011",
      eprint         = "1507.03435",
      archivePrefix  = "arXiv",
      primaryClass   = "hep-ph",
      reportNumber   = "CERN-PH-TH-2015-155",
      SLACcitation   = "%%CITATION = ARXIV:1507.03435;%%"
}

@article{Shao:2012iz,
      author         = "Shao, Hua-Sheng",
      title          = "{HELAC-Onia: An automatic matrix element generator for
                        heavy quarkonium physics}",
      journal        = "Comput. Phys. Commun.",
      volume         = "184",
      year           = "2013",
      pages          = "2562-2570",
      doi            = "10.1016/j.cpc.2013.05.023",
      eprint         = "1212.5293",
      archivePrefix  = "arXiv",
      primaryClass   = "hep-ph",
      SLACcitation   = "%%CITATION = ARXIV:1212.5293;%%"
}
@article{Arleo2013,
      author         = "Arleo, F. and others",
      title      = "{Centrality and $p_\perp$ dependence of \jpsi\ suppression in proton-nucleus collisions from parton energy loss}",
      journal = "JHEP",
      volume         = "05",
      year           = "2013",
      pages          = "155",
      doi            = "10.1007/JHEP05(2013)155",
      eprint         = "1304.0901",
      archivePrefix  = "arXiv",
      primaryClass   = "hep-ph",
      reportNumber   = "LAPTH-018-13",
}

@article{ArleoPeigne1303,
	  author		 = "Arleo, F. and Peign\'e, S.",
      title 		 = "{Heavy-quarkonium suppression in p-A collisions from parton energy loss in cold QCD matter}",
      journal		 = "JHEP",
      volume 		 = "03",
      year			 = "2013",
      pages			 = "122",
      doi			 = "10.1007/JHEP03(2013)122"
}
@article{Dulat16,
      author        = "Dulat, S. and others",
      title         = "{New parton distribution functions from a global analysis of quantum chromodynamics}",
      journal       = "Phys. Rev.",
      volume        = "D93",
      doi           = "10.1103/PhysRevD.93.033006",
      year          = "2016",
      pages         = 033006
}
@article{nCTEQ15,
      author        = "Kovarik, K. and others",
      title         = "{nCTEQ15 - Global analysis of nuclear parton distributions with uncertainties in the CTEQ framework}",
      journal        = "Phys. Rev.",
      volume        = "D93",
      doi           = "10.1103/PhysRevD.93.085037",
      year          = "2016",
      pages         = 085037
}

@article{Schub:1995,
	author			 = "Schub, M. H. and others",
    title			 = "Measurement of \jpsi\ and $\psi'$ production in 800 \gev\ proton-gold collisions",
    journal			 = "Phys. Rev.",
    volume			 = "D52",
    year			 = "1995",
    pages			 = "1307",
    doi				 = "10.1103/PhysRevD.52.1307"
}
@article{Abt:2006,
	author			 = "Abt, I. and others",
    collaboration	 = "HERA-B collaboration",
    title			 = "Measurement of the \jpsi\ production cross section in 920 \gevc\ fixed-target proton-nucleus interactions",
    journal			 = "Phys. Lett.",
    volume			 = "B638",
    year			 = "2006",
    pages			 = "407",
    doi				 = "10.1016/j.physletb.2006.03.064"
}
@article{PHENIXpp,
  title = "{$J/\ensuremath{\psi}$ production versus transverse momentum and rapidity in $p+p$ collisions at $\sqrt{s}=200$ GeV}",
  author = "Adare, A. and others",
  collaboration="PHENIX collaboration",
  journal = "Phys. Rev. Lett.",
  volume = "98",
  pages = "232002",
  year = "2007",
      doi            = "10.1103/PhysRevLett.98.232002",
      eprint         = "hep-ex/0611020",
      archivePrefix  = "arXiv",
      primaryClass   = "hep-ex",
      SLACcitation   = "%%CITATION = HEP-EX/0611020;%%"
}
@article{Goncalves:2018htp,
      author         = "Gonçalves, V. P. and Jaime, M. M.",
      title          = "{Exclusive vector meson photoproduction in fixed - target
                        collisions at the LHC}",
      journal        = "Eur. Phys. J.",
      volume         = "C78",
      year           = "2018",
      number         = "9",
      pages          = "693",
      doi            = "10.1140/epjc/s10052-018-6185-2",
      eprint         = "1802.04713",
      archivePrefix  = "arXiv",
      primaryClass   = "hep-ph",
      SLACcitation   = "%%CITATION = ARXIV:1802.04713;%%"
}
@article{Eskola:2016oht,
      author         = "Eskola, Kari J. and Paakkinen, Petja and Paukkunen, Hannu
                        and Salgado, Carlos A.",
      title          = "{EPPS16: Nuclear parton distributions with LHC data}",
      journal        = "Eur. Phys. J.",
      volume         = "C77",
      year           = "2017",
      number         = "3",
      pages          = "163",
      doi            = "10.1140/epjc/s10052-017-4725-9",
      eprint         = "1612.05741",
      archivePrefix  = "arXiv",
      primaryClass   = "hep-ph",
      SLACcitation   = "%%CITATION = ARXIV:1612.05741;%%"
}
@techreport{Burmistrov:2194564,
      author        = "Burmistrov, L and Calderini, G and Ivanov, Yu and
                       Massacrier, L and Robbe, P and Scandale, W and Stocchi, A",
      title         = "{Measurement of Short Living Baryon Magnetic Moment  using
                       Bent Crystals at SPS and LHC}",
      institution   = "CERN",
      collaboration = "UA9 Collaboration",
      address       = "Geneva",
      number        = "CERN-SPSC-2016-030. SPSC-EOI-012",
      month         = "Jun",
      year          = "2016",
      reportNumber  = "CERN-SPSC-2016-030",
      url           = "http://cds.cern.ch/record/2194564",
}
@article{Bezshyyko:2017var,
      author         = "Fomin, A. S. and others",
      title          = "{Feasibility of measuring the magnetic dipole moments of
                        the charm baryons at the LHC using bent crystals}",
      journal        = "JHEP",
      volume         = "08",
      year           = "2017",
      pages          = "120",
      doi            = "10.1007/JHEP08(2017)120",
      eprint         = "1705.03382",
      archivePrefix  = "arXiv",
      primaryClass   = "hep-ph",
      SLACcitation   = "%%CITATION = ARXIV:1705.03382;%%"
}
@article{Bagli:2017foe,
      author         = "Bagli, E. and others",
      title          = "{Electromagnetic dipole moments of charged baryons with
                        bent crystals at the LHC}",
      journal        = "Eur. Phys. J.",
      volume         = "C77",
      year           = "2017",
      number         = "12",
      pages          = "828",
      doi            = "10.1140/epjc/s10052-017-5400-x",
      eprint         = "1708.08483",
      archivePrefix  = "arXiv",
      primaryClass   = "hep-ex",
      SLACcitation   = "%%CITATION = ARXIV:1708.08483;%%"
}
@article{STAR:2017ckg,
      author         = "Adamczyk, L. and others",
      title          = "{Global $\Lambda$ hyperon polarization in nuclear
                        collisions: evidence for the most vortical fluid}",
      collaboration  = "STAR",
      journal        = "Nature",
      volume         = "548",
      year           = "2017",
      pages          = "62-65",
      doi            = "10.1038/nature23004",
      eprint         = "1701.06657",
      archivePrefix  = "arXiv",
      primaryClass   = "nucl-ex",
      SLACcitation   = "%%CITATION = ARXIV:1701.06657;%%"
}
@article{Becattini:2013vja,
      author         = "Becattini, F. and Csernai, L. and Wang, D. J.",
      title          = "{$\Lambda$ polarization in peripheral heavy ion
                        collisions}",
      journal        = "Phys. Rev.",
      volume         = "C88",
      year           = "2013",
      number         = "3",
      pages          = "034905",
      doi            = "10.1103/PhysRevC.93.069901, 10.1103/PhysRevC.88.034905",
      note           = "[Erratum: Phys. Rev.C93,no.6,069901(2016)]",
      eprint         = "1304.4427",
      archivePrefix  = "arXiv",
      primaryClass   = "nucl-th",
      SLACcitation   = "%%CITATION = ARXIV:1304.4427;%%"
}
@article{Matsui:1986dk,
      author         = "Matsui, T. and Satz, H.",
      title          = "{$J/\psi$ Suppression by Quark-Gluon Plasma Formation}",
      journal        = "Phys. Lett.",
      volume         = "B178",
      year           = "1986",
      pages          = "416-422",
      doi            = "10.1016/0370-2693(86)91404-8",
      reportNumber   = "BNL-38344",
      SLACcitation   = "%%CITATION = PHLTA,B178,416;%%"
}
@article{Geesaman:1995yd,
      author         = "Geesaman, Donald F. and Saito, K. and Thomas, Anthony
                        William",
      title          = "{The nuclear EMC effect}",
      journal        = "Ann. Rev. Nucl. Part. Sci.",
      volume         = "45",
      year           = "1995",
      pages          = "337-390",
      doi            = "10.1146/annurev.ns.45.120195.002005",
      reportNumber   = "PHY-7963-ME-95",
      SLACcitation   = "%%CITATION = ARNUA,45,337;%%"
}
@article{Albacete:2014fwa,
      author         = "Albacete, Javier L. and Marquet, Cyrille",
      title          = "{Gluon saturation and initial conditions for relativistic
                        heavy ion collisions}",
      journal        = "Prog. Part. Nucl. Phys.",
      volume         = "76",
      year           = "2014",
      pages          = "1-42",
      doi            = "10.1016/j.ppnp.2014.01.004",
      eprint         = "1401.4866",
      archivePrefix  = "arXiv",
      primaryClass   = "hep-ph",
      SLACcitation   = "%%CITATION = ARXIV:1401.4866;%%"
}
@article{Arleo:2012hn,
      author         = "Arleo, Francois and Peigne, Stephane",
      title          = "{J/$\psi$ suppression in p-A collisions from parton
                        energy loss in cold QCD matter}",
      journal        = "Phys. Rev. Lett.",
      volume         = "109",
      year           = "2012",
      pages          = "122301",
      doi            = "10.1103/PhysRevLett.109.122301",
      eprint         = "1204.4609",
      archivePrefix  = "arXiv",
      primaryClass   = "hep-ph",
      reportNumber   = "CERN-PH-TH-2012-116",
      SLACcitation   = "%%CITATION = ARXIV:1204.4609;%%"
}
@article{Cronin:1974zm,
      author         = "Cronin, J. W. and Frisch, Henry J. and Shochet, M. J. and
                        Boymond, J. P. and Mermod, R. and Piroue, P. A. and
                        Sumner, Richard L.",
      title          = "{Production of hadrons with large transverse momentum at
                        200, 300, and 400 GeV}",
      booktitle      = "{High energy physics. Proceedings, 17th International
                        Conference, ICHEP 1974, London, England, July 01-July 10,
                        1974}",
      journal        = "Phys. Rev.",
      volume         = "D11",
      year           = "1975",
      pages          = "3105-3123",
      doi            = "10.1103/PhysRevD.11.3105",
      reportNumber   = "PRINT-74-1181 (EFI,CHICAGO), FERMILAB-CONF-74-148-E",
      SLACcitation   = "%%CITATION = PHRVA,D11,3105;%%"
}
@article{Vogt:2001ky,
      author         = "Vogt, R.",
      title          = "{Are the $J/\psi$ and chi($c$) A dependencies the same?}",
      journal        = "Nucl. Phys.",
      volume         = "A700",
      year           = "2002",
      pages          = "539-554",
      doi            = "10.1016/S0375-9474(01)01313-6",
      eprint         = "hep-ph/0107045",
      archivePrefix  = "arXiv",
      primaryClass   = "hep-ph",
      reportNumber   = "LBNL-47716",
      SLACcitation   = "%%CITATION = HEP-PH/0107045;%%"
}
@article{BraunMunzinger:2000px,
      author         = "Braun-Munzinger, P. and Stachel, J.",
      title          = "{(Non)thermal aspects of charmonium production and a new
                        look at J / psi suppression}",
      journal        = "Phys. Lett.",
      volume         = "B490",
      year           = "2000",
      pages          = "196-202",
      doi            = "10.1016/S0370-2693(00)00991-6",
      eprint         = "nucl-th/0007059",
      archivePrefix  = "arXiv",
      primaryClass   = "nucl-th",
      SLACcitation   = "%%CITATION = NUCL-TH/0007059;%%"
}
@article{Acharya:2017kfy,
      author         = "Acharya, Shreyasi and others",
      title          = "{$\Lambda_{\rm c}^+$ production in pp collisions at
                        $\sqrt{s} = 7$ TeV and in p-Pb collisions at $\sqrt{s_{\rm
                        NN}} = 5.02$ TeV}",
      collaboration  = "ALICE",
      journal        = "JHEP",
      volume         = "04",
      year           = "2018",
      pages          = "108",
      doi            = "10.1007/JHEP04(2018)108",
      eprint         = "1712.09581",
      archivePrefix  = "arXiv",
      primaryClass   = "nucl-ex",
      reportNumber   = "CERN-EP-2017-339",
      SLACcitation   = "%%CITATION = ARXIV:1712.09581;%%"
}
@article{Acharya:2018ckj,
      author         = "Acharya, Shreyasi and others",
      title          = "{$\Lambda_\mathrm{c}^+$ production in Pb-Pb collisions at
                        $\sqrt{s_{\rm NN}} = 5.02$ TeV}",
      collaboration  = "ALICE",
      journal        = "Submitted to: Phys. Lett.",
      year           = "2018",
      eprint         = "1809.10922",
      archivePrefix  = "arXiv",
      primaryClass   = "nucl-ex",
      reportNumber   = "CERN-EP-2018-261",
      SLACcitation   = "%%CITATION = ARXIV:1809.10922;%%"
}
@article{Xie:2017jcq,
      author         = "Xie, Guannan",
      title          = "{$\Lambda_{c}$ Production in Au+Au Collisions at
                        $\sqrt{s_{NN}}$ = 200 GeV measured by the STAR
                        experiment}",
      booktitle      = "{Proceedings, 26th International Conference on
                        Ultra-relativistic Nucleus-Nucleus Collisions (Quark
                        Matter 2017): Chicago, Illinois, USA, February 5-11,
                        2017}",
      collaboration  = "STAR",
      journal        = "Nucl. Phys.",
      volume         = "A967",
      year           = "2017",
      pages          = "928-931",
      doi            = "10.1016/j.nuclphysa.2017.06.004",
      eprint         = "1704.04353",
      archivePrefix  = "arXiv",
      primaryClass   = "nucl-ex",
      SLACcitation   = "%%CITATION = ARXIV:1704.04353;%%"
}
@article{Goncalves:2015hra,
      author         = "Goncalves, V. P. and Sauter, W. K.",
      title          = "{$\eta_c$ production in photon-induced interactions at a
                        fixed target experiment at LHC as a probe of the odderon}",
      journal        = "Phys. Rev.",
      volume         = "D91",
      year           = "2015",
      number         = "9",
      pages          = "094014",
      doi            = "10.1103/PhysRevD.91.094014",
      eprint         = "1503.05112",
      archivePrefix  = "arXiv",
      primaryClass   = "hep-ph",
      SLACcitation   = "%%CITATION = ARXIV:1503.05112;%%"
}

