% -- include here the bibtex style bibliography items for your section

%%%%%%%%%%%%%%%%%%%%%%%%%%%%%%%%%%%%%%%%%%%%%%%%%%%%%%%%%%%%
%                NUCLEI & HYPERN. REFERENCES               %
%%%%%%%%%%%%%%%%%%%%%%%%%%%%%%%%%%%%%%%%%%%%%%%%%%%%%%%%%%%%

@article{Andronic:2017,
      author         = "Andronic, Anton and Braun-Munzinger, Peter and Redlich,
                        Krzysztof and Stachel, Johanna",
      title          = "{Decoding the phase structure of QCD via particle
                        production at high energy}",
      year           = "2017",
      eprint         = "1710.09425",
      archivePrefix  = "arXiv",
      primaryClass   = "nucl-th",
      SLACcitation   = "%%CITATION = ARXIV:1710.09425;%%"
}

@article{Petran:2013dva,
      author         = "Petran, M. and Letessier, J. and Rafelski, J. and
                        Torrieri, G.",
      title          = "{SHARE with CHARM}",
      journal        = "Comput. Phys. Commun.",
      volume         = "185",
      year           = "2014",
      pages          = "2056-2079",
      doi            = "10.1016/j.cpc.2014.02.026",
      eprint         = "1310.5108",
      archivePrefix  = "arXiv",
      primaryClass   = "hep-ph",
      SLACcitation   = "%%CITATION = ARXIV:1310.5108;%%"
}

@article{Wheaton:2004qb,
      author         = "Wheaton, S. and Cleymans, J.",
      title          = "{THERMUS: A Thermal model package for ROOT}",
      journal        = "Comput. Phys. Commun.",
      volume         = "180",
      year           = "2009",
      pages          = "84-106",
      doi            = "10.1016/j.cpc.2008.08.001",
      eprint         = "hep-ph/0407174",
      archivePrefix  = "arXiv",
      primaryClass   = "hep-ph",
      SLACcitation   = "%%CITATION = HEP-PH/0407174;%%"
}

@article{Bazavov:2014pvz,
      author         = "Bazavov, A. and others",
      title          = "{Equation of state in ( 2+1 )-flavor QCD}",
      collaboration  = "HotQCD",
      journal        = "Phys. Rev.",
      volume         = "D90",
      year           = "2014",
      pages          = "094503",
      doi            = "10.1103/PhysRevD.90.094503",
      eprint         = "1407.6387",
      archivePrefix  = "arXiv",
      primaryClass   = "hep-lat",
      reportNumber   = "BNL-105928-2014-JA",
      SLACcitation   = "%%CITATION = ARXIV:1407.6387;%%"
}

@article{Bellwied:2013cta,
      author         = "Bellwied, Rene and Borsanyi, Szabolcs and Fodor, Zoltan
                        and Katz, Sandor D and Ratti, Claudia",
      title          = "{Is there a flavor hierarchy in the deconfinement
                        transition of QCD?}",
      journal        = "Phys. Rev. Lett.",
      volume         = "111",
      year           = "2013",
      pages          = "202302",
      doi            = "10.1103/PhysRevLett.111.202302",
      eprint         = "1305.6297",
      archivePrefix  = "arXiv",
      primaryClass   = "hep-lat",
      SLACcitation   = "%%CITATION = ARXIV:1305.6297;%%"
}

@article{Acharya:2017bso,
      author         = "Acharya, Shreyasi and others",
      title          = "{Production of $^{4}$He and $^{4}\overline{\textrm{He}}$
                        in Pb-Pb collisions at $\sqrt{s_{\mathrm{NN}}}$ = 2.76 TeV
                        at the LHC}",
      collaboration  = "ALICE",
      journal        = "Nucl. Phys.",
      volume         = "A971",
      year           = "2018",
      pages          = "1-20",
      doi            = "10.1016/j.nuclphysa.2017.12.004",
      eprint         = "1710.07531",
      archivePrefix  = "arXiv",
      primaryClass   = "nucl-ex",
      reportNumber   = "CERN-EP-2017-266",
      SLACcitation   = "%%CITATION = ARXIV:1710.07531;%%"
}

@article{Butler:1963,
      author         = "Butler, S. T. and Pearson, C. A.",
      title          = "{Deuterons from High-Energy Proton Bombardment of
                        Matter}",
      journal        = "Phys. Rev.",
      volume         = "129",
      year           = "1963",
      pages          = "836-842",
      doi            = "10.1103/PhysRev.129.836",
      SLACcitation   = "%%CITATION = PHRVA,129,836;%%"
}

@article{Kapusta:1980,
      author         = "Kapusta, Joseph I.",
      title          = "{Mechanisms for deuteron production in relativistic
                        nuclear collisions}",
      journal        = "Phys. Rev.",
      volume         = "C21",
      year           = "1980",
      pages          = "1301-1310",
      doi            = "10.1103/PhysRevC.21.1301",
      SLACcitation   = "%%CITATION = PHRVA,C21,1301;%%"
}

@article{Scheibl:1998tk,
      author         = "Scheibl, Rudiger and Heinz, Ulrich W.",
      title          = "{Coalescence and flow in ultrarelativistic heavy ion
                        collisions}",
      journal        = "Phys. Rev.",
      volume         = "C59",
      year           = "1999",
      pages          = "1585-1602",
      doi            = "10.1103/PhysRevC.59.1585",
      eprint         = "nucl-th/9809092",
      archivePrefix  = "arXiv",
      primaryClass   = "nucl-th",
      SLACcitation   = "%%CITATION = NUCL-TH/9809092;%%"
}

@article{Wiedemann:1999qn,
      author         = "Wiedemann, Urs Achim and Heinz, Ulrich W.",
      title          = "{Particle interferometry for relativistic heavy ion
                        collisions}",
      journal        = "Phys. Rept.",
      volume         = "319",
      year           = "1999",
      pages          = "145-230",
      doi            = "10.1016/S0370-1573(99)00032-0",
      eprint         = "nucl-th/9901094",
      archivePrefix  = "arXiv",
      primaryClass   = "nucl-th",
      reportNumber   = "CU-TP-931, CERN-TH-99-15",
      SLACcitation   = "%%CITATION = NUCL-TH/9901094;%%"
}

@article{Nagle:1996vp,
      author         = "Nagle, J. L. and Kumar, B. S. and Kusnezov, D. and Sorge,
                        H. and Mattiello, R.",
      title          = "{Coalescence of deuterons in relativistic heavy ion
                        collisions}",
      journal        = "Phys. Rev.",
      volume         = "C53",
      year           = "1996",
      pages          = "367-376",
      doi            = "10.1103/PhysRevC.53.367",
      SLACcitation   = "%%CITATION = PHRVA,C53,367;%%"
}

@article{Sato:1981ez,
      author         = "Sato, H. and Yazaki, K.",
      title          = "{On the coalescence model for high-energy nuclear
                        reactions}",
      journal        = "Phys. Lett.",
      volume         = "B98",
      year           = "1981",
      pages          = "153-157",
      doi            = "10.1016/0370-2693(81)90976-X",
      SLACcitation   = "%%CITATION = PHLTA,98B,153;%%"
}

@article{Bergstrom:1979gpv,
      author         = "Bergstrom, J. C.",
      title          = "{$^{6}$Li electromagnetic form factors and phenomenological
                        cluster models}",
      journal        = "Nucl. Phys.",
      volume         = "A327",
      year           = "1979",
      pages          = "458-476",
      doi            = "10.1016/0375-9474(79)90269-0",
      SLACcitation   = "%%CITATION = NUPHA,A327,458;%%"
}

@article{Cho:2017dcy,
      author         = "Cho, Sungtae and others",
      title          = "{Exotic Hadrons from Heavy Ion Collisions}",
      collaboration  = "ExHIC",
      journal        = "Prog. Part. Nucl. Phys.",
      volume         = "95",
      year           = "2017",
      pages          = "279-322",
      doi            = "10.1016/j.ppnp.2017.02.002",
      eprint         = "1702.00486",
      archivePrefix  = "arXiv",
      primaryClass   = "nucl-th",
      reportNumber   = "YITP-16-120",
      SLACcitation   = "%%CITATION = ARXIV:1702.00486;%%"
}

@article{Zhang:2018euf,
      author         = "Zhang, Zhen and Ko, Che Ming",
      title          = "{Hypertriton production in relativistic heavy ion
                        collisions}",
      journal        = "Phys. Lett.",
      volume         = "B780",
      year           = "2018",
      pages          = "191-195",
      doi            = "10.1016/j.physletb.2018.03.003",
      SLACcitation   = "%%CITATION = PHLTA,B780,191;%%"
} 

@article{Bazak:2018hgl,
      author         = "Bazak, Sylwia and Mrowczynski, Stanislaw",
      title          = "{${}^{4}$He vs. ${}^{4}$Li and production of light
                        nuclei in relativistic heavy-ion collisions}",
      year           = "2018",
      eprint         = "1802.08212",
      archivePrefix  = "arXiv",
      primaryClass   = "nucl-th",
      SLACcitation   = "%%CITATION = ARXIV:1802.08212;%%"
}

@article{Zhao:2018lyf,
      author         = "Zhao, Wenbin and Zhu, Lilin and Zheng, Hua and Ko, Che
                        Ming and Song, Huichao",
      title          = "{Spectra and flow of light nuclei in relativistic heavy
                        ion collisions at RHIC and the LHC}",
      year           = "2018",
      eprint         = "1807.02813",
      archivePrefix  = "arXiv",
      primaryClass   = "nucl-th",
      SLACcitation   = "%%CITATION = ARXIV:1807.02813;%%"
}

@article{Bellini:2018epz,
      author         = "Bellini, Francesca and Kalweit, Alexander Philipp",
      title          = "{Testing coalescence and statistical-thermal production
                        scenarios for (anti-)(hyper-)nuclei and exotic QCD objects
                        at LHC energies}",
      year           = "2018",
      eprint         = "1807.05894",
      archivePrefix  = "arXiv",
      primaryClass   = "hep-ph",
      SLACcitation   = "%%CITATION = ARXIV:1807.05894;%%"
}


@article{Botta:2012xi,
      author         = "Botta, Elena and Bressani, Tullio and Garbarino, Gianni",
      title          = "{Strangeness nuclear physics: a critical review on
                        selected topics}",
      journal        = "Eur. Phys. J.",
      volume         = "A48",
      year           = "2012",
      pages          = "41",
      doi            = "10.1140/epja/i2012-12041-6",
      eprint         = "1203.5707",
      archivePrefix  = "arXiv",
      primaryClass   = "nucl-ex",
      SLACcitation   = "%%CITATION = ARXIV:1203.5707;%%"
}
@article{Armstrong:2000gd,
      author         = "Armstrong, T. A. and others",
      title          = "{Anti-deuteron yield at the AGS and coalescence
                        implications}",
      collaboration  = "E864",
      journal        = "Phys. Rev. Lett.",
      volume         = "85",
      year           = "2000",
      pages          = "2685-2688",
      doi            = "10.1103/PhysRevLett.85.2685",
      eprint         = "nucl-ex/0005001",
      archivePrefix  = "arXiv",
      primaryClass   = "nucl-ex",
      SLACcitation   = "%%CITATION = NUCL-EX/0005001;%%"
}
@article{SimonGillo:1995dh,
      author         = "Simon-Gillo, J. and others",
      title          = "{Deuteron and anti-deuteron production in CERN experiment
                        NA44}",
      booktitle      = "{Quark matter '95. Proceedings, 11th International
                        Conference on Ultrarelativistic Nucleus-Nucleus
                        Collisions, Monterey, USA, January 9-13, 1995}",
      collaboration  = "NA44",
      journal        = "Nucl. Phys.",
      volume         = "A590",
      year           = "1995",
      pages          = "483C-486C",
      doi            = "10.1016/0375-9474(95)00259-4",
      SLACcitation   = "%%CITATION = NUPHA,A590,483C;%%"
}
@article{Anticic:2004yj,
      author         = "Anticic, T. and others",
      title          = "{Energy and centrality dependence of deuteron and proton
                        production in Pb + Pb collisions at relativistic
                        energies}",
      collaboration  = "NA49",
      journal        = "Phys. Rev.",
      volume         = "C69",
      year           = "2004",
      pages          = "024902",
      doi            = "10.1103/PhysRevC.69.024902",
      SLACcitation   = "%%CITATION = PHRVA,C69,024902;%%"
}
@article{Adler:2001uy,
      author         = "Adler, C. and others",
      title          = "{Anti-deuteron and anti-He-3 production in s(NN)**(1/2) =
                        130-GeV Au+Au collisions}",
      collaboration  = "STAR",
      journal        = "Phys. Rev. Lett.",
      volume         = "87",
      year           = "2001",
      pages          = "262301",
      doi            = "10.1103/PhysRevLett.87.262301",
      note           = "[Erratum: Phys. Rev. Lett.87,279902(2001)]",
      eprint         = "nucl-ex/0108022",
      archivePrefix  = "arXiv",
      primaryClass   = "nucl-ex",
      SLACcitation   = "%%CITATION = NUCL-EX/0108022;%%"
}
@article{Adam:2015vda,
      author         = "Adam, Jaroslav and others",
      title          = "{Production of light nuclei and anti-nuclei in pp and
                        Pb-Pb collisions at energies available at the CERN Large
                        Hadron Collider}",
      collaboration  = "ALICE",
      journal        = "Phys. Rev.",
      volume         = "C93",
      year           = "2016",
      number         = "2",
      pages          = "024917",
      doi            = "10.1103/PhysRevC.93.024917",
      eprint         = "1506.08951",
      archivePrefix  = "arXiv",
      primaryClass   = "nucl-ex",
      reportNumber   = "CERN-PH-EP-2015-025",
      SLACcitation   = "%%CITATION = ARXIV:1506.08951;%%"
}
@article{Adam:2015yta,
      author         = "Adam, Jaroslav and others",
      title          = "{$^{3}_{\Lambda}\mathrm H$ and $^{3}_{\bar{\Lambda}}
                        \overline{\mathrm H}$ production in Pb-Pb collisions at
                        $\sqrt{s_{\rm NN}} =$ 2.76 TeV}",
      collaboration  = "ALICE",
      journal        = "Phys. Lett.",
      volume         = "B754",
      year           = "2016",
      pages          = "360-372",
      doi            = "10.1016/j.physletb.2016.01.040",
      eprint         = "1506.08453",
      archivePrefix  = "arXiv",
      primaryClass   = "nucl-ex",
      reportNumber   = "CERN-PH-EP-2015-105",
      SLACcitation   = "%%CITATION = ARXIV:1506.08453;%%"
}
@article{Jaffe:1976yi,
      author         = "Jaffe, Robert L.",
      title          = "{Perhaps a Stable Dihyperon}",
      journal        = "Phys. Rev. Lett.",
      volume         = "38",
      year           = "1977",
      pages          = "195-198",
      doi            = "10.1103/PhysRevLett.38.617, 10.1103/PhysRevLett.38.195",
      note           = "[Erratum: Phys. Rev. Lett.38,617(1977)]",
      reportNumber   = "SLAC-PUB-1828",
      SLACcitation   = "%%CITATION = PRLTA,38,195;%%"
}
@article{Goldman:1987ma,
      author         = "Goldman, J. Terrance and Maltman, Kim and Stephenson,
                        Jr., G. J. and Schmidt, K. E. and Wang, Fan",
      title          = "{STRANGENESS -3 DIBARYONS}",
      journal        = "Phys. Rev. Lett.",
      volume         = "59",
      year           = "1987",
      pages          = "627",
      doi            = "10.1103/PhysRevLett.59.627",
      reportNumber   = "LA-UR-87-1436",
      SLACcitation   = "%%CITATION = PRLTA,59,627;%%"
}
@article{Schwesinger:1994vd,
      author         = "Schwesinger, B. and Scholtz, F. G. and Geyer, H. B.",
      title          = "{Loosely bound hyperons in the SU(3) Skyrme model}",
      journal        = "Phys. Rev.",
      volume         = "D51",
      year           = "1995",
      pages          = "1228-1242",
      doi            = "10.1103/PhysRevD.51.1228",
      eprint         = "nucl-th/9408002",
      archivePrefix  = "arXiv",
      primaryClass   = "nucl-th",
      reportNumber   = "SI-94-TP3S2, STPHY-TH-94-8",
      SLACcitation   = "%%CITATION = NUCL-TH/9408002;%%"
}
@article{Inoue:2011ai,
      author         = "Inoue, Takashi and Aoki, Sinya and Doi, Takumi and
                        Hatsuda, Tetsuo and Ikeda, Yoichi and Ishii, Noriyoshi and
                        Murano, Keiko and Nemura, Hidekatsu and Sasaki, Kanji",
      title          = "{Two-Baryon Potentials and H-Dibaryon from 3-flavor
                        Lattice QCD Simulations}",
      booktitle      = "{Progress in strangeness nuclear physics. Proceedings,
                        ECT Workshop on Strange Hadronic Matter, Trento, Italy,
                        September 26-30, 2011}",
      collaboration  = "HAL QCD",
      journal        = "Nucl. Phys.",
      volume         = "A881",
      year           = "2012",
      pages          = "28-43",
      doi            = "10.1016/j.nuclphysa.2012.02.008",
      eprint         = "1112.5926",
      archivePrefix  = "arXiv",
      primaryClass   = "hep-lat",
      SLACcitation   = "%%CITATION = ARXIV:1112.5926;%%"
}
@article{Beane:2011iw,
      author         = "Beane, S. R. and Chang, E. and Detmold, W. and Lin, H. W.
                        and Luu, T. C. and Orginos, K. and Parreno, A. and Savage,
                        M. J. and Torok, A. and Walker-Loud, A.",
      title          = "{The Deuteron and Exotic Two-Body Bound States from
                        Lattice QCD}",
      collaboration  = "NPLQCD",
      journal        = "Phys. Rev.",
      volume         = "D85",
      year           = "2012",
      pages          = "054511",
      doi            = "10.1103/PhysRevD.85.054511",
      eprint         = "1109.2889",
      archivePrefix  = "arXiv",
      primaryClass   = "hep-lat",
      reportNumber   = "ICCUB-11-165, NT@UW-11-21, NT-LBNL-11-017,
                        UCB-NPAT-11-012, UNH-11-5, UCB-NPAT-11-012-, --UNH-11-5,
                        JLAB-THY-11-1436",
      SLACcitation   = "%%CITATION = ARXIV:1109.2889;%%"
}
@article{Andronic:2010qu,
      author         = "Andronic, A. and Braun-Munzinger, P. and Stachel, J. and
                        St{\"o}cker, H.",
      title          = "{Production of light nuclei, hypernuclei and their
                        antiparticles in relativistic nuclear collisions}",
      journal        = "Phys. Lett.",
      volume         = "B697",
      year           = "2011",
      pages          = "203-207",
      doi            = "10.1016/j.physletb.2011.01.053",
      eprint         = "1010.2995",
      archivePrefix  = "arXiv",
      primaryClass   = "nucl-th",
      SLACcitation   = "%%CITATION = ARXIV:1010.2995;%%"
}
@article{Blum:2017qnn,
      author         = "Blum, Kfir and Ng, Kenny Chun Yu and Sato, Ryosuke and
                        Takimoto, Masahiro",
      title          = "{Cosmic rays, antihelium, and an old navy spotlight}",
      journal        = "Phys. Rev.",
      volume         = "D96",
      year           = "2017",
      number         = "10",
      pages          = "103021",
      doi            = "10.1103/PhysRevD.96.103021",
      eprint         = "1704.05431",
      archivePrefix  = "arXiv",
      primaryClass   = "astro-ph.HE",
      SLACcitation   = "%%CITATION = ARXIV:1704.05431;%%"
}



%%%%%%%%%%%%%%%%%%%%%%%%%%%%%%%%%%%%%%%%%%%%%%%%%%%%%%%%%%%%
%                NUCLEI & ASTRO REFERENCES                 %
%%%%%%%%%%%%%%%%%%%%%%%%%%%%%%%%%%%%%%%%%%%%%%%%%%%%%%%%%%%%

@article{Donato:1999gy,
      author         = "Donato, Fiorenza and Fornengo, Nicolao and Salati,
                        Pierre",
      title          = "{Anti-deuterons as a signature of supersymmetric dark
                        matter}",
      journal        = "Phys. Rev.",
      volume         = "D62",
      year           = "2000",
      pages          = "043003",
      doi            = "10.1103/PhysRevD.62.043003",
      eprint         = "hep-ph/9904481",
      archivePrefix  = "arXiv",
      primaryClass   = "hep-ph",
      reportNumber   = "IFIC-99-9, FTUV-99-9, LAPTH-722-99",
      SLACcitation   = "%%CITATION = HEP-PH/9904481;%%"
}

@article{Donato:2008yx,
      author         = "Donato, Fiorenza and Fornengo, Nicolao and Maurin, David",
      title          = "{Antideuteron fluxes from dark matter annihilation in
                        diffusion models}",
      journal        = "Phys. Rev.",
      volume         = "D78",
      year           = "2008",
      pages          = "043506",
      doi            = "10.1103/PhysRevD.78.043506",
      eprint         = "0803.2640",
      archivePrefix  = "arXiv",
      primaryClass   = "hep-ph",
      reportNumber   = "DFTT-06-2007",
      SLACcitation   = "%%CITATION = ARXIV:0803.2640;%%"
}

@article{Baer:2005tw,
      author         = "Baer, Howard and Profumo, Stefano",
      title          = "{Low energy antideuterons: shedding light on dark
                        matter}",
      journal        = "JCAP",
      volume         = "0512",
      year           = "2005",
      pages          = "008",
      doi            = "10.1088/1475-7516/2005/12/008",
      eprint         = "astro-ph/0510722",
      archivePrefix  = "arXiv",
      primaryClass   = "astro-ph",
      reportNumber   = "FSU-HEP-051030",
      SLACcitation   = "%%CITATION = ASTRO-PH/0510722;%%"
}

@article{Kadastik:2009ts,
      author         = "Kadastik, Mario and Raidal, Martti and Strumia,
                        Alessandro",
      title          = "{Enhanced anti-deuteron Dark Matter signal and the
                        implications of PAMELA}",
      journal        = "Phys. Lett.",
      volume         = "B683",
      year           = "2010",
      pages          = "248-254",
      doi            = "10.1016/j.physletb.2009.12.005",
      eprint         = "0908.1578",
      archivePrefix  = "arXiv",
      primaryClass   = "hep-ph",
      reportNumber   = "CERN-PH-TH-2009-149",
      SLACcitation   = "%%CITATION = ARXIV:0908.1578;%%"
}

@article{Brauninger:2009pe,
      author         = "Brauninger, Carolin B. and Cirelli, Marco",
      title          = "{Anti-deuterons from heavy Dark Matter}",
      journal        = "Phys. Lett.",
      volume         = "B678",
      year           = "2009",
      pages          = "20-31",
      doi            = "10.1016/j.physletb.2009.05.059",
      eprint         = "0904.1165",
      archivePrefix  = "arXiv",
      primaryClass   = "hep-ph",
      reportNumber   = "SACLAY-T09-027",
      SLACcitation   = "%%CITATION = ARXIV:0904.1165;%%"
}

@article{Cui:2010ud,
      author         = "Cui, Yanou and Mason, John D. and Randall, Lisa",
      title          = "{General Analysis of Antideuteron Searches for Dark
                        Matter}",
      journal        = "JHEP",
      volume         = "11",
      year           = "2010",
      pages          = "017",
      doi            = "10.1007/JHEP11(2010)017",
      eprint         = "1006.0983",
      archivePrefix  = "arXiv",
      primaryClass   = "hep-ph",
      SLACcitation   = "%%CITATION = ARXIV:1006.0983;%%"
}

@article{Dal:2012my,
      author         = "Dal, L. A. and Kachelriess, M.",
      title          = "{Antideuterons from dark matter annihilations and
                        hadronization model dependence}",
      journal        = "Phys. Rev.",
      volume         = "D86",
      year           = "2012",
      pages          = "103536",
      doi            = "10.1103/PhysRevD.86.103536",
      eprint         = "1207.4560",
      archivePrefix  = "arXiv",
      primaryClass   = "hep-ph",
      SLACcitation   = "%%CITATION = ARXIV:1207.4560;%%"
}

@article{Ibarra:2012cc,
      author         = "Ibarra, Alejandro and Wild, Sebastian",
      title          = "{Prospects of antideuteron detection from dark matter
                        annihilations or decays at AMS-02 and GAPS}",
      journal        = "JCAP",
      volume         = "1302",
      year           = "2013",
      pages          = "021",
      doi            = "10.1088/1475-7516/2013/02/021",
      eprint         = "1209.5539",
      archivePrefix  = "arXiv",
      primaryClass   = "hep-ph",
      SLACcitation   = "%%CITATION = ARXIV:1209.5539;%%"
}

@article{Fornengo:2013osa,
      author         = "Fornengo, N. and Maccione, L. and Vittino, A.",
      title          = "{Dark matter searches with cosmic antideuterons: status
                        and perspectives}",
      journal        = "JCAP",
      volume         = "1309",
      year           = "2013",
      pages          = "031",
      doi            = "10.1088/1475-7516/2013/09/031",
      eprint         = "1306.4171",
      archivePrefix  = "arXiv",
      primaryClass   = "hep-ph",
      reportNumber   = "LMU-ASC-41-13, MPP-2013-158",
      SLACcitation   = "%%CITATION = ARXIV:1306.4171;%%"
}

@article{Carlson:2014ssa,
      author         = "Carlson, Eric and Coogan, Adam and Linden, Tim and
                        Profumo, Stefano and Ibarra, Alejandro and Wild,
                        Sebastian",
      title          = "{Antihelium from Dark Matter}",
      journal        = "Phys. Rev.",
      volume         = "D89",
      year           = "2014",
      number         = "7",
      pages          = "076005",
      doi            = "10.1103/PhysRevD.89.076005",
      eprint         = "1401.2461",
      archivePrefix  = "arXiv",
      primaryClass   = "hep-ph",
      SLACcitation   = "%%CITATION = ARXIV:1401.2461;%%"
}

@article{Aramaki:2015pii,
      author         = "Aramaki, T. and others",
      title          = "{Review of the theoretical and experimental status of
                        dark matter identification with cosmic-ray antideuterons}",
      journal        = "Phys. Rept.",
      volume         = "618",
      year           = "2016",
      pages          = "1-37",
      doi            = "10.1016/j.physrep.2016.01.002",
      eprint         = "1505.07785",
      archivePrefix  = "arXiv",
      primaryClass   = "hep-ph",
      SLACcitation   = "%%CITATION = ARXIV:1505.07785;%%"
}

@article{Korsmeier:2017xzj,
      author         = "Korsmeier, Michael and Donato, Fiorenza and Fornengo,
                        Nicolao",
      title          = "{Prospects to verify a possible dark matter hint in
                        cosmic antiprotons with antideuterons and antihelium}",
      journal        = "Phys. Rev.",
      volume         = "D97",
      year           = "2018",
      number         = "10",
      pages          = "103011",
      doi            = "10.1103/PhysRevD.97.103011",
      eprint         = "1711.08465",
      archivePrefix  = "arXiv",
      primaryClass   = "astro-ph.HE",
      reportNumber   = "TTK-17-42",
      SLACcitation   = "%%CITATION = ARXIV:1711.08465;%%"
}

@inproceedings{Giovacchini:2007dwa,
      author         = "Giovacchini, Francesca and Choutko, V.",
      title          = "{Cosmic Rays Antideuteron Sensitivity for AMS-02
                        Experiment}",
      booktitle      = "{Proceedings, 30th International Cosmic Ray Conference
                        (ICRC 2007): Merida, Yucatan, Mexico, July 3-11, 2007}",
      collaboration  = "AMS",
      year           = "2007",
      url            = "http://indico.nucleares.unam.mx/contributionDisplay.py?contribId=1112&confId=4",
      volume         = "4",
      pages          = "765-768",
      SLACcitation   = "%%CITATION = INSPIRE-1371503;%%"
}

@inproceedings{kounineHebar,
      key            = "1352202",
      author         = "Kounine, Andrei",
      title          = "{AMS Experiment on the International Space Station}",
      booktitle      = "{Proceedings,  	 32nd International Cosmic Ray Conference
                        (ICRC 2011): Beijing, China, August 11-18, 2011}",
      collaboration  = "AMS",
      year           = "2011",
      url            = "https://inspirehep.net/record/1352202/files/vc_I02.pdf",
      volume         = "c",
      pages          = "5",
      doi            = "10.7529/ICRC2011/V12/I02",
      SLACcitation   = "%%CITATION = INSPIRE-1352202;%%"
}

@article{vonDoetinchem:2015zva,
      author         = "von Doetinchem, P. and Aramaki, Tsuguo and Boggs, Steven
                        and Fuke, Hideyuki and Hailey, Charles and Mognet, Isaac
                        and Ong, Rene A. and Perez, Kerstin and Zweerink, Jeffrey",
      title          = "{GAPS - Dark matter search with low-energy cosmic-ray
                        antideuterons and antiprotons}",
      booktitle      = "{Proceedings, 34th International Cosmic Ray Conference
                        (ICRC 2015): The Hague, The Netherlands, July 30-August 6,
                        2015}",
      journal        = "PoS",
      volume         = "ICRC2015",
      year           = "2016",
      pages          = "1219",
      note           = "[34,1218(2015)]",
      eprint         = "1507.02717",
      archivePrefix  = "arXiv",
      primaryClass   = "astro-ph.IM",
      SLACcitation   = "%%CITATION = ARXIV:1507.02717;%%"
}

@article{Aramaki:2015laa,
      author         = "Aramaki, T. and Hailey, C. J. and Boggs, S. E. and von
                        Doetinchem, P. and Fuke, H. and Mognet, S. I. and Ong, R.
                        A. and Perez, K. and Zweerink, J.",
      title          = "{Antideuteron Sensitivity for the GAPS Experiment}",
      journal        = "Astropart. Phys.",
      volume         = "74",
      year           = "2016",
      pages          = "6-13",
      doi            = "10.1016/j.astropartphys.2015.09.001",
      eprint         = "1506.02513",
      archivePrefix  = "arXiv",
      primaryClass   = "astro-ph.HE",
      SLACcitation   = "%%CITATION = ARXIV:1506.02513;%%"
}
@article{Abe:2011nx,
      author         = "Abe, K. and others",
      title          = "{Measurement of the cosmic-ray antiproton spectrum at
                        solar minimum with a long-duration balloon flight over
                        Antarctica}",
      journal        = "Phys. Rev. Lett.",
      volume         = "108",
      year           = "2012",
      pages          = "051102",
      doi            = "10.1103/PhysRevLett.108.051102",
      eprint         = "1107.6000",
      archivePrefix  = "arXiv",
      primaryClass   = "astro-ph.HE",
      SLACcitation   = "%%CITATION = ARXIV:1107.6000;%%"
}

@ARTICLE{2012PhRvL.108m1301A,
   author = {{Abe}, K. and {Fuke}, H. and {Haino}, S. and {Hams}, T. and 
	{Hasegawa}, M. and {Horikoshi}, A. and {Itazaki}, A. and {Kim}, K.~C. and 
	{Kumazawa}, T. and {Kusumoto}, A. and {Lee}, M.~H. and {Makida}, Y. and 
	{Matsuda}, S. and {Matsukawa}, Y. and {Matsumoto}, K. and {Mitchell}, J.~W. and 
	{Myers}, Z. and {Nishimura}, J. and {Nozaki}, M. and {Orito}, R. and 
	{Ormes}, J.~F. and {Sakai}, K. and {Sasaki}, M. and {Seo}, E.~S. and 
	{Shikaze}, Y. and {Shinoda}, R. and {Streitmatter}, R.~E. and 
	{Suzuki}, J. and {Takasugi}, Y. and {Takeuchi}, K. and {Tanaka}, K. and 
	{Thakur}, N. and {Yamagami}, T. and {Yamamoto}, A. and {Yoshida}, T. and 
	{Yoshimura}, K.},
    title = "{Search for Antihelium with the BESS-Polar Spectrometer}",
  journal = {Physical Review Letters},
archivePrefix = "arXiv",
   eprint = {1201.2967},
 keywords = {Cosmic rays, Neutrino muon pion and other elementary particles, cosmic rays, Origin and formation of the Universe, Observational cosmology},
     year = 2012,
    month = mar,
   volume = 108,
   number = 13,
      eid = {131301},
    pages = {131301},
      doi = {10.1103/PhysRevLett.108.131301},
   adsurl = {http://adsabs.harvard.edu/abs/2012PhRvL.108m1301A},
  adsnote = {Provided by the SAO/NASA Astrophysics Data System}
}

@article{Ginzburg:1990sk,
      author         = "Ginzburg, V.L. and Dogiel, V.A. and Berezinsky, V.S. and
                        Bulanov, S.V. and Ptuskin, V.S.",
      editor         = "Ginzburg, V.L.",
      title          = "{Astrophysics of cosmic rays}",
      year           = "1990",
      SLACcitation   = "%%CITATION = INSPIRE-307564;%%",
}


@article{Katz:2009yd,
      author         = "Katz, Boaz and Blum, Kfir and Morag, Jonathan and Waxman, Eli",
      title          = "{What can we really learn from positron flux
                        'anomalies'?}",
      journal        = "Mon.Not.Roy.Astron.Soc.",
      volume         = "405",
      pages          = "1458",
      year           = "2010",
      eprint         = "0907.1686",
      archivePrefix  = "arXiv",
      primaryClass   = "astro-ph.HE",
      SLACcitation   = "%%CITATION = ARXIV:0907.1686;%%",
}

@article{Duperray:2002pj,
      author         = "Duperray, R. P. and Protasov, K. V. and Voronin, A.
                        {\relax Yu}.",
      title          = "{Anti-deuteron production in proton proton and proton
                        nucleus collisions}",
      journal        = "Eur. Phys. J.",
      volume         = "A16",
      year           = "2003",
      pages          = "27-34",
      doi            = "10.1140/epja/i2002-10074-0",
      eprint         = "nucl-th/0209078",
      archivePrefix  = "arXiv",
      primaryClass   = "nucl-th",
      SLACcitation   = "%%CITATION = NUCL-TH/0209078;%%"
}

@article{Duperray:2003tv,
      author         = "Duperray, R. P. and Protasov, K. V. and Derome, L. and
                        Buenerd, M.",
      title          = "{A Model for A = 3 anti-nuclei production in proton
                        nucleus collisions}",
      journal        = "Eur. Phys. J.",
      volume         = "A18",
      year           = "2003",
      pages          = "597-604",
      doi            = "10.1140/epja/i2003-10099-9",
      eprint         = "nucl-th/0301103",
      archivePrefix  = "arXiv",
      primaryClass   = "nucl-th",
      SLACcitation   = "%%CITATION = NUCL-TH/0301103;%%"
}

@article{Acharya:2017fvb,
      author         = "Acharya, Shreyasi and others",
      title          = "{Production of deuterons, tritons, $^{3}$He nuclei and
                        their antinuclei in pp collisions at
                        $\mathbf{\sqrt{{\textit s}}}$ = 0.9, 2.76 and 7 TeV}",
      collaboration  = "ALICE",
      journal        = "Phys. Rev.",
      volume         = "C97",
      year           = "2018",
      number         = "2",
      pages          = "024615",
      doi            = "10.1103/PhysRevC.97.024615",
      eprint         = "1709.08522",
      archivePrefix  = "arXiv",
      primaryClass   = "nucl-ex",
      reportNumber   = "CERN-EP-2017-255",
      SLACcitation   = "%%CITATION = ARXIV:1709.08522;%%"
}


%%%%%%%%%%%%%%%%%%%%%%%%%%%%%%%%%%%%%%%%%%%%%%%%%%%%%%%%%%%%
%         NET CHARGE FLUCTUATIONS REFERENCES               %
%%%%%%%%%%%%%%%%%%%%%%%%%%%%%%%%%%%%%%%%%%%%%%%%%%%%%%%%%%%%
@inproceedings{Ding:2018auz,
      author         = "Ding, H. T. and Hegde, P. and Karsch, F. and Lahiri, A.
                        and Li, S. T. and Mukherjee, S. and Petreczky, P.",
      title          = "{Chiral phase transition of (2+1)-flavor QCD}",
      year           = "2018",
      eprint         = "1807.05727",
      archivePrefix  = "arXiv",
      primaryClass   = "hep-lat",
      SLACcitation   = "%%CITATION = ARXIV:1807.05727;%%"
}
@article{Luo:2017faz,
      author         = "Luo, Xiaofeng and Xu, Nu",
      title          = "{Search for the QCD Critical Point with Fluctuations of
                        Conserved Quantities in Relativistic Heavy-Ion Collisions
                        at RHIC : An Overview}",
      journal        = "Nucl. Sci. Tech.",
      volume         = "28",
      year           = "2017",
      number         = "8",
      pages          = "112",
      doi            = "10.1007/s41365-017-0257-0",
      eprint         = "1701.02105",
      archivePrefix  = "arXiv",
      primaryClass   = "nucl-ex",
      SLACcitation   = "%%CITATION = ARXIV:1701.02105;%%"
}

@article{BraunMunzinger:2011dn,
      author         = "Braun-Munzinger, P. and Friman, B. and Karsch, F. and
                        Redlich, K. and Skokov, V.",
      title          = "{Net-proton probability distribution in heavy ion
                        collisions}",
      journal        = "Phys. Rev.",
      volume         = "C84",
      year           = "2011",
      pages          = "064911",
      doi            = "10.1103/PhysRevC.84.064911",
      eprint         = "1107.4267",
      archivePrefix  = "arXiv",
      primaryClass   = "hep-ph",
      SLACcitation   = "%%CITATION = ARXIV:1107.4267;%%"
}


@article{Alba:2015iva,
      author         = "Alba, Paolo and Bellwied, Rene and Bluhm, Marcus and
                        Mantovani Sarti, Valentina and Nahrgang, Marlene and
                        Ratti, Claudia",
      title          = "{Sensitivity of multiplicity fluctuations to freeze-out
                        conditions in heavy ion collisions}",
      journal        = "Phys. Rev.",
      volume         = "C92",
      year           = "2015",
      number         = "6",
      pages          = "064910",
      doi            = "10.1103/PhysRevC.92.064910",
      eprint         = "1504.03262",
      archivePrefix  = "arXiv",
      primaryClass   = "hep-ph",
      SLACcitation   = "%%CITATION = ARXIV:1504.03262;%%"
}


@article{Karsch:2015zna,
      author         = "Karsch, Frithjof and Morita, Kenji and Redlich,
                        Krzysztof",
      title          = "{Effects of kinematic cuts on net-electric charge
                        fluctuations}",
      journal        = "Phys. Rev.",
      volume         = "C93",
      year           = "2016",
      number         = "3",
      pages          = "034907",
      doi            = "10.1103/PhysRevC.93.034907",
      eprint         = "1508.02614",
      archivePrefix  = "arXiv",
      primaryClass   = "hep-ph",
      reportNumber   = "YITP-15-60",
      SLACcitation   = "%%CITATION = ARXIV:1508.02614;%%"
}

@article{Allton:2005gk,
      author         = "Allton, C. R. and Doring, M. and Ejiri, S. and Hands, S.
                        J. and Kaczmarek, O. and Karsch, F. and Laermann, E. and
                        Redlich, K.",
      title          = "{Thermodynamics of two flavor QCD to sixth order in quark
                        chemical potential}",
      journal        = "Phys. Rev.",
      volume         = "D71",
      year           = "2005",
      pages          = "054508",
      doi            = "10.1103/PhysRevD.71.054508",
      eprint         = "hep-lat/0501030",
      archivePrefix  = "arXiv",
      primaryClass   = "hep-lat",
      reportNumber   = "BI-TP-2005-02, SWAT-05-422",
      SLACcitation   = "%%CITATION = HEP-LAT/0501030;%%"
}
@article{BraunMunzinger:2011ta,
      author         = "Braun-Munzinger, P. and Friman, B. and Karsch, F. and
                        Redlich, K. and Skokov, V.",
      title          = "{Net-charge probability distributions in heavy ion
                        collisions at chemical freeze-out}",
      journal        = "Nucl. Phys.",
      volume         = "A880",
      year           = "2012",
      pages          = "48-64",
      doi            = "10.1016/j.nuclphysa.2012.02.010",
      eprint         = "1111.5063",
      archivePrefix  = "arXiv",
      primaryClass   = "hep-ph",
      reportNumber   = "BNL-96540-2011-JA",
      SLACcitation   = "%%CITATION = ARXIV:1111.5063;%%"
}

@article{Borsanyi:2018grb,
      author         = "Borsanyi, Szabolcs and Fodor, Zoltan and Guenther, Jana
                        N. and Katz, Sandor K. and Szabó, K. K. and Pasztor,
                        Attila and Portillo, Israel and Ratti, Claudia",
      title          = "{Higher order fluctuations and correlations of conserved
                        charges from lattice QCD}",
      year           = "2018",
      eprint         = "1805.04445",
      archivePrefix  = "arXiv",
      primaryClass   = "hep-lat",
      SLACcitation   = "%%CITATION = ARXIV:1805.04445;%%"
}

@article{Parotto:2018pwx,
      author         = "Parotto, Paolo and Bluhm, Marcus and Mroczek, Debora and
                        Nahrgang, Marlene and Noronha-Hostler, Jacquelyn and
                        Rajagopal, Krishna and Ratti, Claudia and Sch{\"a}fer, Thomas
                        and Stephanov, Mikhail",
      title          = "{Lattice-QCD-based equation of state with a critical
                        point}",
      year           = "2018",
      eprint         = "1805.05249",
      archivePrefix  = "arXiv",
      primaryClass   = "hep-ph",
      reportNumber   = "MIT-CTP-5015, MIT-CTP-5015",
      SLACcitation   = "%%CITATION = ARXIV:1805.05249;%%"
}

@article{Borsanyi:2014ewa,
      author         = "Borsanyi, S. and Fodor, Z. and Katz, S. D. and Krieg, S.
                        and Ratti, C. and Szabo, K. K.",
      title          = "{Freeze-out parameters from electric charge and baryon
                        number fluctuations: is there consistency?}",
      journal        = "Phys. Rev. Lett.",
      volume         = "113",
      year           = "2014",
      pages          = "052301",
      doi            = "10.1103/PhysRevLett.113.052301",
      eprint         = "1403.4576",
      archivePrefix  = "arXiv",
      primaryClass   = "hep-lat",
      SLACcitation   = "%%CITATION = ARXIV:1403.4576;%%"
}

@article{Borsanyi:2013hza,
      author         = "Borsanyi, S. and Fodor, Z. and Katz, S. D. and Krieg, S.
                        and Ratti, C. and Szabo, K. K.",
      title          = "{Freeze-out parameters: lattice meets experiment}",
      journal        = "Phys. Rev. Lett.",
      volume         = "111",
      year           = "2013",
      pages          = "062005",
      doi            = "10.1103/PhysRevLett.111.062005",
      eprint         = "1305.5161",
      archivePrefix  = "arXiv",
      primaryClass   = "hep-lat",
      SLACcitation   = "%%CITATION = ARXIV:1305.5161;%%"
}

@article{Karsch:2017mvg,
      author         = "Karsch, Frithjof",
      title          = "{QCD thermodynamics in the crossover/freeze-out region}",
      booktitle      = "{Proceedings, 10th International Workshop on Critical
                        Point and Onset of Deconfinement (CPOD 2016): Wrocław,
                        Poland}",
      journal        = "Acta Phys. Polon. Supp.",
      volume         = "10",
      year           = "2017",
      pages          = "615",
      doi            = "10.5506/APhysPolBSupp.10.615",
      eprint         = "1703.06702",
      archivePrefix  = "arXiv",
      primaryClass   = "hep-lat",
      SLACcitation   = "%%CITATION = ARXIV:1703.06702;%%"
}

@article{Karsch:2012wm,
      author         = "Karsch, Frithjof",
      title          = "{Determination of Freeze-out Conditions from Lattice QCD
                        Calculations}",
      booktitle      = "{7th International Workshop on Critical Point and Onset
                        of Deconfinement (CPOD 2011) Wuhan, China, November 7-11,
                        2011}",
      journal        = "Central Eur. J. Phys.",
      volume         = "10",
      year           = "2012",
      pages          = "1234-1237",
      doi            = "10.2478/s11534-012-0074-3",
      eprint         = "1202.4173",
      archivePrefix  = "arXiv",
      primaryClass   = "hep-lat",
      SLACcitation   = "%%CITATION = ARXIV:1202.4173;%%"
}


@article{Karsch:2010ck,
      author         = "Karsch, Frithjof and Redlich, Krzysztof",
      title          = "{Probing freeze-out conditions in heavy ion collisions
                        with moments of charge fluctuations}",
      journal        = "Phys. Lett.",
      volume         = "B695",
      year           = "2011",
      pages          = "136-142",
      doi            = "10.1016/j.physletb.2010.10.046",
      eprint         = "1007.2581",
      archivePrefix  = "arXiv",
      primaryClass   = "hep-ph",
      reportNumber   = "CERN-PH-TH-2010-161",
      SLACcitation   = "%%CITATION = ARXIV:1007.2581;%%"
}

@article{Bazavov:2012jq,
      author         = "Bazavov, A. and others",
      title          = "{Fluctuations and Correlations of net baryon number,
                        electric charge, and strangeness: A comparison of lattice
                        QCD results with the hadron resonance gas model}",
      collaboration  = "HotQCD",
      journal        = "Phys. Rev.",
      volume         = "D86",
      year           = "2012",
      pages          = "034509",
      doi            = "10.1103/PhysRevD.86.034509",
      eprint         = "1203.0784",
      archivePrefix  = "arXiv",
      primaryClass   = "hep-lat",
      SLACcitation   = "%%CITATION = ARXIV:1203.0784;%%"
}


@article{Friman:2011pf,
      author         = "Friman, B. and Karsch, F. and Redlich, K. and Skokov, V.",
      title          = "{Fluctuations as probe of the QCD phase transition and
                        freeze-out in heavy ion collisions at LHC and RHIC}",
      journal        = "Eur. Phys. J.",
      volume         = "C71",
      year           = "2011",
      pages          = "1694",
      doi            = "10.1140/epjc/s10052-011-1694-2",
      eprint         = "1103.3511",
      archivePrefix  = "arXiv",
      primaryClass   = "hep-ph",
      reportNumber   = "BI-TP-2011-07",
      SLACcitation   = "%%CITATION = ARXIV:1103.3511;%%"
}

@article{Ding:2013lfa,
      author         = "Ding, H. -T. and Bazavov, A. and Karsch, F. and Maezawa,
                        Y. and Mukherjee, Swagato and Petreczky, P.",
      title          = "{Chiral phase transition of $N_f$=2+1 QCD with the HISQ
                        action}",
      booktitle      = "{Proceedings, 31st International Symposium on Lattice
                        Field Theory (Lattice 2013): Mainz, Germany, July
                        29-August 3, 2013}",
      journal        = "PoS",
      volume         = "LATTICE2013",
      year           = "2014",
      pages          = "157",
      eprint         = "1312.0119",
      archivePrefix  = "arXiv",
      primaryClass   = "hep-lat",
      SLACcitation   = "%%CITATION = ARXIV:1312.0119;%%"
}

@article{Bhattacharya:2014ara,
      author         = "Bhattacharya, Tanmoy and others",
      title          = "{QCD Phase Transition with Chiral Quarks and Physical
                        Quark Masses}",
      journal        = "Phys. Rev. Lett.",
      volume         = "113",
      year           = "2014",
      number         = "8",
      pages          = "082001",
      doi            = "10.1103/PhysRevLett.113.082001",
      eprint         = "1402.5175",
      archivePrefix  = "arXiv",
      primaryClass   = "hep-lat",
      reportNumber   = "BNL-103837-2014-JA, CU-TP-1205, INT-PUB-14-003,
                        LLNL-JRNL-650194",
      SLACcitation   = "%%CITATION = ARXIV:1402.5175;%%"
}

@article{Bazavov:2011nk,
      author         = "Bazavov, A. and others",
      title          = "{The chiral and deconfinement aspects of the QCD
                        transition}",
      journal        = "Phys. Rev.",
      volume         = "D85",
      year           = "2012",
      pages          = "054503",
      doi            = "10.1103/PhysRevD.85.054503",
      eprint         = "1111.1710",
      archivePrefix  = "arXiv",
      primaryClass   = "hep-lat",
      SLACcitation   = "%%CITATION = ARXIV:1111.1710;%%"
}

@article{Borsanyi:2010bp,
      author         = "Borsanyi, Szabolcs and Fodor, Zoltan and Hoelbling,
                        Christian and Katz, Sandor D and Krieg, Stefan and Ratti,
                        Claudia and Szabo, Kalman K.",
      title          = "{Is there still any $T_c$ mystery in lattice QCD? Results
                        with physical masses in the continuum limit III}",
      collaboration  = "Wuppertal-Budapest",
      journal        = "JHEP",
      volume         = "09",
      year           = "2010",
      pages          = "073",
      doi            = "10.1007/JHEP09(2010)073",
      eprint         = "1005.3508",
      archivePrefix  = "arXiv",
      primaryClass   = "hep-lat",
      reportNumber   = "WUB-10-11, MIT-CTP-4152",
      SLACcitation   = "%%CITATION = ARXIV:1005.3508;%%"
}

@article{Aoki:2009sc,
      author         = "Aoki, Y. and Borsanyi, Szabolcs and Durr, Stephan and
                        Fodor, Zoltan and Katz, Sandor D. and Krieg, Stefan and
                        Szabo, Kalman K.",
      title          = "{The QCD transition temperature: results with physical
                        masses in the continuum limit II.}",
      journal        = "JHEP",
      volume         = "06",
      year           = "2009",
      pages          = "088",
      doi            = "10.1088/1126-6708/2009/06/088",
      eprint         = "0903.4155",
      archivePrefix  = "arXiv",
      primaryClass   = "hep-lat",
      reportNumber   = "WUB-09-01, ITP-BUDAPEST-644, RBRC-782",
      SLACcitation   = "%%CITATION = ARXIV:0903.4155;%%"
}

@article{Aoki:2006we,
      author         = "Aoki, Y. and Endrodi, G. and Fodor, Z. and Katz, S. D.
                        and Szabo, K. K.",
      title          = "{The Order of the quantum chromodynamics transition
                        predicted by the standard model of particle physics}",
      journal        = "Nature",
      volume         = "443",
      year           = "2006",
      pages          = "675-678",
      doi            = "10.1038/nature05120",
      eprint         = "hep-lat/0611014",
      archivePrefix  = "arXiv",
      primaryClass   = "hep-lat",
      SLACcitation   = "%%CITATION = HEP-LAT/0611014;%%"
}

% -- include here the bibtex style bibliography items for your section
@article{Ejiri:2009ac,
      author         = "Ejiri, S. and Karsch, F. and Laermann, E. and Miao, C.
                        and Mukherjee, S. and Petreczky, P. and Schmidt, C. and
                        Soeldner, W. and Unger, W.",
      title          = "{On the magnetic equation of state in (2+1)-flavor QCD}",
      journal        = "Phys. Rev.",
      volume         = "D80",
      year           = "2009",
      pages          = "094505",
      doi            = "10.1103/PhysRevD.80.094505",
      eprint         = "0909.5122",
      archivePrefix  = "arXiv",
      primaryClass   = "hep-lat",
      SLACcitation   = "%%CITATION = ARXIV:0909.5122;%%"
}

@article{Pisarski:1983ms,
      author         = "Pisarski, Robert D. and Wilczek, Frank",
      title          = "{Remarks on the Chiral Phase Transition in
                        Chromodynamics}",
      journal        = "Phys. Rev.",
      volume         = "D29",
      year           = "1984",
      pages          = "338-341",
      doi            = "10.1103/PhysRevD.29.338",
      reportNumber   = "NSF-ITP-83-152",
      SLACcitation   = "%%CITATION = PHRVA,D29,338;%%"
}

@article{Bellwied:2015lba,
      author         = "Bellwied, R. and Borsanyi, S. and Fodor, Z. and Katz, S.
                        D. and Pasztor, A. and Ratti, C. and Szabo, K. K.",
      title          = "{Fluctuations and correlations in high temperature QCD}",
      journal        = "Phys. Rev.",
      volume         = "D92",
      year           = "2015",
      number         = "11",
      pages          = "114505",
      doi            = "10.1103/PhysRevD.92.114505",
      eprint         = "1507.04627",
      archivePrefix  = "arXiv",
      primaryClass   = "hep-lat",
      SLACcitation   = "%%CITATION = ARXIV:1507.04627;%%"
}


@article{Acharya:2017dmc,
      author         = "Acharya, Shreyasi and others",
      title          = "{Measurement of deuteron spectra and elliptic flow in Pb-Pb collisions at $\sqrt{s_{\mathrm{NN}}}$ = 2.76 TeV at the LHC}",
      collaboration  = "ALICE",
      journal        = "Eur. Phys. J.",
      volume         = "C77",
      year           = "2017",
      number         = "10",
      pages          = "658",
      doi            = "10.1140/epjc/s10052-017-5222-x",
      eprint         = "1707.07304",
      archivePrefix  = "arXiv",
      primaryClass   = "nucl-ex",
      reportNumber   = "CERN-EP-2017-176",
      SLACcitation   = "%%CITATION = ARXIV:1707.07304;%%"
}



@article{Bazavov:2017dus,
      author         = "Bazavov, A. and others",
      title          = "{The QCD Equation of State to $\mathcal{O}(\mu_B^6)$ from
                        Lattice QCD}",
      journal        = "Phys. Rev.",
      volume         = "D95",
      year           = "2017",
      number         = "5",
      pages          = "054504",
      doi            = "10.1103/PhysRevD.95.054504",
      eprint         = "1701.04325",
      archivePrefix  = "arXiv",
      primaryClass   = "hep-lat",
      SLACcitation   = "%%CITATION = ARXIV:1701.04325;%%"
}

@article{Ejiri:2005wq,
      author         = "Ejiri, S. and Karsch, F. and Redlich, K.",
      title          = "{Hadronic fluctuations at the QCD phase transition}",
      journal        = "Phys. Lett.",
      volume         = "B633",
      year           = "2006",
      pages          = "275-282",
      doi            = "10.1016/j.physletb.2005.11.083",
      eprint         = "hep-ph/0509051",
      archivePrefix  = "arXiv",
      primaryClass   = "hep-ph",
      reportNumber   = "BI-TP-2005-33, BNL-NT-05-28, CERN-PH-TH-2005-161,
                        TKYNT-05-18",
      SLACcitation   = "%%CITATION = HEP-PH/0509051;%%"
}

@article{Skokov:2012ds,
      author         = "Skokov, V. and Friman, B. and Redlich, K.",
      title          = "{Volume Fluctuations and Higher Order Cumulants of the
                        Net Baryon Number}",
      journal        = "Phys. Rev.",
      volume         = "C88",
      year           = "2013",
      pages          = "034911",
      doi            = "10.1103/PhysRevC.88.034911",
      eprint         = "1205.4756",
      archivePrefix  = "arXiv",
      primaryClass   = "hep-ph",
      reportNumber   = "BNL-98044-2012-JA",
      SLACcitation   = "%%CITATION = ARXIV:1205.4756;%%"
}

@article{Almasi:2017bhq,
      author         = "Almasi, Gabor Andras and Friman, Bengt and Redlich,
                        Krzysztof",
      title          = "{Baryon number fluctuations in chiral effective models
                        and their phenomenological implications}",
      journal        = "Phys. Rev.",
      volume         = "D96",
      year           = "2017",
      number         = "1",
      pages          = "014027",
      doi            = "10.1103/PhysRevD.96.014027",
      eprint         = "1703.05947",
      archivePrefix  = "arXiv",
      primaryClass   = "hep-ph",
      SLACcitation   = "%%CITATION = ARXIV:1703.05947;%%"
}

@article{Braun-Munzinger:2016yjz,
      author         = "Braun-Munzinger, P. and Rustamov, A. and Stachel, J.",
      title          = "{Bridging the gap between event-by-event fluctuation
                        measurements and theory predictions in relativistic
                        nuclear collisions}",
      journal        = "Nucl. Phys.",
      volume         = "A960",
      year           = "2017",
      pages          = "114-130",
      doi            = "10.1016/j.nuclphysa.2017.01.011",
      eprint         = "1612.00702",
      archivePrefix  = "arXiv",
      primaryClass   = "nucl-th",
      SLACcitation   = "%%CITATION = ARXIV:1612.00702;%%"
}

@article{Rustamov:2017lio,
      author         = "Rustamov, Anar",
      title          = "{Net-baryon fluctuations measured with ALICE at the CERN
                        LHC}",
      booktitle      = "{Proceedings, 26th International Conference on
                        Ultra-relativistic Nucleus-Nucleus Collisions (Quark
                        Matter 2017): Chicago, Illinois, USA, February 5-11,
                        2017}",
      collaboration  = "ALICE",
      journal        = "Nucl. Phys.",
      volume         = "A967",
      year           = "2017",
      pages          = "453-456",
      doi            = "10.1016/j.nuclphysa.2017.05.111",
      eprint         = "1704.05329",
      archivePrefix  = "arXiv",
      primaryClass   = "nucl-ex",
      SLACcitation   = "%%CITATION = ARXIV:1704.05329;%%"
}

@article{Braun-Munzinger:2018yru,
      author         = "Braun-Munzinger, Peter and Rustamov, Anar and Stachel,
                        Johanna",
      title          = "{Experimental results on fluctuations of conserved
                        charges confronted with predictions from canonical
                        thermodynamics}",
      year           = "2018",
      eprint         = "1807.08927",
      archivePrefix  = "arXiv",
      primaryClass   = "nucl-th",
      SLACcitation   = "%%CITATION = ARXIV:1807.08927;%%"
}

@article{Behera:2017xwg,
      author         = "Behera, Nirbhay Kumar",
      title          = "{Constructing probability density function of net-proton
                        multiplicity distributions using Pearson curve method}",
      year           = "2017",
      eprint         = "1706.06558",
      archivePrefix  = "arXiv",
      primaryClass   = "nucl-ex",
      SLACcitation   = "%%CITATION = ARXIV:1706.06558;%%"
}

@inproceedings{Behera:2018wqk,
      author         = "Behera, Nirbhay Kumar",
      title          = "{Higher moment fluctuations of identified particle
                        distributions from ALICE}",
      booktitle      = "{27th International Conference on Ultrarelativistic
                        Nucleus-Nucleus Collisions (Quark Matter 2018) Venice,
                        Italy, May 14-19, 2018}",
      collaboration  = "ALICE",
      journal        = "Submitted to: Nucl. Phys.",
      year           = "2018",
      eprint         = "1807.06780",
      archivePrefix  = "arXiv",
      primaryClass   = "hep-ex",
      SLACcitation   = "%%CITATION = ARXIV:1807.06780;%%"
}
  
@article{Abelev:2013vea,
      author         = "Abelev, Betty and others",
      title          = "{Centrality dependence of $\pi$, K, p production in Pb-Pb
                        collisions at $\sqrt{s_{NN}}$ = 2.76 TeV}",
      collaboration  = "ALICE",
      journal        = "Phys. Rev.",
      volume         = "C88",
      year           = "2013",
      pages          = "044910",
      doi            = "10.1103/PhysRevC.88.044910",
      eprint         = "1303.0737",
      archivePrefix  = "arXiv",
      primaryClass   = "hep-ex",
      reportNumber   = "CERN-PH-EP-2013-019",
      SLACcitation   = "%%CITATION = ARXIV:1303.0737;%%"
}  

@article{pdg:2017,
	  author		= "Patrignani, Claudia and others",
	  collaboration	= "Particle Data Group",
	  journal		= "Chin. Phys.",
	  volume		= "C40",
	  year			= "2016 and 2017 update",
	  pages			= "100001",
}

@article{davis20053,
	  author 		= "Davis, D. H.",
      title          = "{50 years of hypernuclear physics: I. The early experiments}",
	  journal 		= "Nucl. Phys.",
	  volume 		= "A754",
	  pages 		= "3 - 13",
	  year 			= "2005",
}

@article{agnello:2016,
	  author		= "Agnello, Michelangelo and others",
      title 		= "{On the use of the ($\pi^{-}$,K$_{0}$) reaction on nuclear targets for the precise determination of the lifetime of the hydrogen hyperisotopes and other neutron-rich $\Lambda$-hypernuclei}",
	  journal		= "Nucl. Phys.",
      volume		= "A954",
      pages			= "176",
      year			= "2016",
}

@article{PhysRevC.97.054909,
	  author 		= "Adamczyk, L. and others",
      title			= "{Measurement of the $^{3}_{\Lambda}${\rm H} lifetime in Au+Au collisions at the BNL Relativistic Heavy Ion Collider
}",
	  collaboration = "STAR",
	  journal 		= "Phys. Rev. ",
	  volume 		= "C97",
	  pages 		= "054909",
	  year 			= "2018",
}

@article{PhysLettB.754.360,
	  author 		= "Adam, J. and others",
      title			= "{$^{3}_{\Lambda}${\rm H} and $^{3}_{\overline{\Lambda}}\overline{\rm H}$ production in Pb--Pb collisions at $\sqrt{s_{NN}}$ = 2.76 TeV",
}",
	  collaboration = "ALICE",
	  journal 		= "Phys. Lett. ",
	  volume 		= "B754",
	  pages 		= "360",
	  year 			= "2016",
}

@article{NuovCim.A46,
	  author		= "Dalitz, R. and Rayet, M.",
      title 		= "{The lifetime of $^{3}_{\Lambda}${\rm H}}",
      journal		= "Il Nuovo Cim.", 
      volume		= "A46", 
      pages			= "786",
      year			= "1966"
}

@article{jphysg.18.339,
	  author		= "Congleton, J.", 
      title 		= "{A simple model of the hypertriton}",
      journal		= "J. Phys. G",
      volume		= "18", 
      pages			= "339",
      year			= "1992",
}

@article{Phys.Rev.C57,
	  author		= "H. Kamada and J. Golak and K. Miyagawa and H. Witala and W. Glockle", 
      title			= "{$\pi$-mesonic decay of the hypertriton}",
      journal		= "Phys. Rev." ,
      volume		= "C57", 
      pages			= "1595",
      year			= "1998",
}