% -- include here the bibtex style bibliography items for your section

%experimental projections
@article{CMS-FTR-17-002:2017dec,
      author         = "CMS Collaboration",
      title          = "{Projected Heavy Ion Physics Performance at the High
                        Luminosity LHC Era with the CMS Detector}",
      collaboration  = "CMS",
      year           = "2017",
      reportNumber   = "CMS-PAS-FTR-17-002",
      SLACcitation   = "%%CITATION = CMS-PAS-FTR-17-002;%%"
}

%introduction
@article{Gyulassy:1990ye,
      author         = "Gyulassy, Miklos and Plumer, Michael",
      title          = "Jet quenching in dense matter",
      journal        = "Phys. Lett. B",
      volume         = "243",
      pages          = "432",
      doi            = "10.1016/0370-2693(90)91409-5",
      year           = "1990",
      reportNumber   = "LBL-28531",
      SLACcitation   = "%%CITATION = PHLTA,B243,432;%%",
}

@article{Baier:1994bd,
      author         = "Baier, Rudolf and Dokshitzer, Yuri L. and Peigne, Stephane and
                        Schiff, Dominique",
      title          = "{Induced gluon radiation in a QCD medium}",
      journal        = "Phys. Lett. B",
      volume         = "345",
      pages          = "277",
      doi            = "10.1016/0370-2693(94)01617-L",
      year           = "1995",
      eprint         = "hep-ph/9411409",
      archivePrefix  = "arXiv",
      primaryClass   = "hep-ph",
      reportNumber   = "LU-TP-94-21, LPTHE-ORSAY-94-98, BI-TP-94-57",
      SLACcitation   = "%%CITATION = HEP-PH/9411409;%%",
}

@article{Adcox:2001jp,
      author         = "Adcox, K. and others",
      title          = "{Suppression of hadrons with large transverse momentum in
                       central Au+Au collisions at $\sqrt{s_{\mathrm{NN}}}$ = 130 GeV}",
      collaboration  = "PHENIX",
      journal        = "Phys. Rev. Lett.",
      volume         = "88",
      pages          = "022301",
      doi            = "10.1103/PhysRevLett.88.022301",
      year           = "2002",
      eprint         = "nucl-ex/0109003",
      archivePrefix  = "arXiv",
      primaryClass   = "nucl-ex",
      SLACcitation   = "%%CITATION = NUCL-EX/0109003;%%",
}

@article{Adler:2003qi,
      author         = "Adler, S. S. and others",
      title          = "{Suppressed $\pi^{0}$ production at large transverse momentum
                       in central Au+Au collisions at $\sqrt{s_{\mathrm{NN}}}$ = 200 GeV}",
      collaboration  = "PHENIX",
      journal        = "Phys. Rev. Lett.",
      volume         = "91",
      pages          = "072301",
      doi            = "10.1103/PhysRevLett.91.072301",
      year           = "2003",
      eprint         = "nucl-ex/0304022",
      archivePrefix  = "arXiv",
      primaryClass   = "nucl-ex",
      SLACcitation   = "%%CITATION = NUCL-EX/0304022;%%",
}

@article{Adams:2003kv,
      author         = "Adams, J. and others",
      title          = "{Transverse momentum and collision energy dependence of
                       high $p_{\mathrm{T}}$ hadron suppression in Au+Au collisions at
                       ultrarelativistic energies}",
      collaboration  = "STAR",
      journal        = "Phys. Rev. Lett.",
      volume         = "91",
      pages          = "172302",
      doi            = "10.1103/PhysRevLett.91.172302",
      year           = "2003",
      eprint         = "nucl-ex/0305015",
      archivePrefix  = "arXiv",
      primaryClass   = "nucl-ex",
      SLACcitation   = "%%CITATION = NUCL-EX/0305015;%%",
}

@article{Arsene:2003yk,
      author         = "Arsene, I. and others",
      title          = "{Transverse momentum spectra in Au+Au and d+Au collisions
                       at $\sqrt{s_{\mathrm{NN}}}$ = 200 GeV and the pseudorapidity dependence of
                       high $p_{\mathrm{T}}$ suppression}",
      collaboration  = "BRAHMS",
      journal        = "Phys. Rev. Lett.",
      volume         = "91",
      pages          = "072305",
      doi            = "10.1103/PhysRevLett.91.072305",
      year           = "2003",
      eprint         = "nucl-ex/0307003",
      archivePrefix  = "arXiv",
      primaryClass   = "nucl-ex",
      SLACcitation   = "%%CITATION = NUCL-EX/0307003;%%",
}

@article{Back:2003qr,
      author         = "Back, B. B. and others",
      title          = "{Charged hadron transverse momentum distributions in Au+Au collisions at $\sqrt{s_{\mathrm{NN}}}$ = 200 GeV}",
      collaboration  = "PHOBOS",
      journal        = "Phys. Lett. B",
      volume         = "578",
      pages          = "297",
      doi            = "10.1016/j.physletb.2003.10.101",
      year           = "2004",
      eprint         = "nucl-ex/0302015",
      archivePrefix  = "arXiv",
      primaryClass   = "nucl-ex",
      reportNumber   = "PHOBOS-02-03",
      SLACcitation   = "%%CITATION = NUCL-EX/0302015;%%",
}

@article{Aad:2015wga,
      author         = "Aad, Georges and others",
      title          = "{Measurement of charged-particle spectra in Pb+Pb
                        collisions at $\sqrt{{s}_\mathsf{{NN}}} = 2.76$ TeV with
                        the ATLAS detector at the LHC}",
      collaboration  = "ATLAS",
      journal        = "JHEP",
      volume         = "09",
      year           = "2015",
      pages          = "050",
      doi            = "10.1007/JHEP09(2015)050",
      eprint         = "1504.04337",
      archivePrefix  = "arXiv",
      primaryClass   = "hep-ex",
      reportNumber   = "CERN-PH-EP-2015-032",
      SLACcitation   = "%%CITATION = ARXIV:1504.04337;%%"
}

@article{Adamczyk:2016fqm,
      author         = "Adamczyk, L. and others",
      title          = "{Dijet imbalance measurements in Au+Au and pp
                        collisions at $\sqrt{s_{\mathrm{NN}}} = 200$\;GeV at STAR}",
      collaboration  = "STAR",
      journal        = "Phys. Rev. Lett.",
      volume         = "119",
      year           = "2017",
      pages          = "062301",
      doi            = "10.1103/PhysRevLett.119.062301",
      eprint         = "1609.03878",
      archivePrefix  = "arXiv",
      primaryClass   = "nucl-ex",
      SLACcitation   = "%%CITATION = ARXIV:1609.03878;%%"
}

@article{Adamczyk:2017yhe,
      author         = "Adamczyk, L. and others",
      title          = "{Measurements of jet quenching with semi-inclusive
                        hadron+jet distributions in Au+Au collisions at
                        $\sqrt{s_{\mathrm{NN}}}$ = 200 GeV}",
      collaboration  = "STAR",
      journal        = "Phys. Rev. C",
      volume         = "96",
      year           = "2017",
      pages          = "024905",
      doi            = "10.1103/PhysRevC.96.024905",
      eprint         = "1702.01108",
      archivePrefix  = "arXiv",
      primaryClass   = "nucl-ex",
      SLACcitation   = "%%CITATION = ARXIV:1702.01108;%%"
}

@article{Aamodt:2010jd,
      author         = "Aamodt, K. and others",
      title          = "Suppression of charged particle production at large
                       transverse momentum in central {Pb--Pb} collisions at
                       $\sqrt{s_{\mathrm{NN}}} = 2.76$ {TeV}",
      collaboration  = "ALICE",
      journal        = "Phys. Lett. B",
      volume         = "696",
      pages          = "30",
      doi            = "10.1016/j.physletb.2010.12.020",
      year           = "2011",
      eprint         = "1012.1004",
      archivePrefix  = "arXiv",
      primaryClass   = "nucl-ex",
      reportNumber   = "CERN-PH-EP-ALICE-2010-004",
      SLACcitation   = "%%CITATION = ARXIV:1012.1004;%%",
}

@article{Aamodt:2011vg,
      author         = "Aamodt, K. and others",
      title          = "Particle-Yield Modification in Jetlike Azimuthal
                       Dihadron Correlations in {Pb-Pb} Collisions at
                       $\sqrt{s_{\mathrm{NN}}} = 2.76$ {TeV}",
      collaboration  = "ALICE",
      journal        = "Phys. Rev. Lett.",
      volume         = "108",
      pages          = "092301",
      doi            = "10.1103/PhysRevLett.108.092301",
      year           = "2012",
      eprint         = "1110.0121",
      archivePrefix  = "arXiv",
      primaryClass   = "nucl-ex",
      reportNumber   = "CERN-PH-EP-2011-161",
      SLACcitation   = "%%CITATION = ARXIV:1110.0121;%%",
}

@article{CMS:2012aa,
      author         = "Chatrchyan, Serguei and others",
      title          = "{Study of high-$p_{\mathrm{T}}$ charged particle suppression in PbPb
                       compared to pp collisions at $\sqrt{s_{\mathrm{NN}}}=2.76$ TeV}",
      collaboration  = "CMS",
      journal        = "Eur. Phys. J. C",
      volume         = "72",
      pages          = "1945",
      doi            = "10.1140/epjc/s10052-012-1945-x",
      year           = "2012",
      eprint         = "1202.2554",
      archivePrefix  = "arXiv",
      primaryClass   = "nucl-ex",
      reportNumber   = "CMS-HIN-10-005, CERN-PH-EP-2012-043",
      SLACcitation   = "%%CITATION = ARXIV:1202.2554;%%",
}

@article{Aad:2010bu,
        Archiveprefix = {arXiv},
        Author = {Aad, Georges and others},
        Collaboration = {ATLAS},
        Date-Added = {2011-06-04 21:23:14 +0200},
        Date-Modified = {2011-08-15 15:21:32 +0200},
        Eprint = {1011.6182},
        Journal = {Phys. Rev. Lett.},
        Pages = {252303},
        doi = "10.1103/PhysRevLett.105.252303",
        Primaryclass = {hep-ex},
        Title = {Observation of a Centrality-Dependent Dijet Asymmetry in {Lead-Lead} Collisions at {$\sqrt{\mathrm{s}_{\mathrm{NN}}} = 2.76\TeV$} with the {ATLAS} Detector at the {LHC}},
        Volume = {105},
        Year = {2010}
}

@article{Chatrchyan:2012nia,
      author         = "Chatrchyan, Serguei and others",
      title          = "{Jet momentum dependence of jet quenching in PbPb
                       collisions at $\sqrt{s_{\mathrm{NN}}}=2.76$ TeV}",
      collaboration  = "CMS",
      journal        = "Phys. Lett. B",
      volume         = "712",
      pages          = "176",
      doi            = "10.1016/j.physletb.2012.04.058",
      year           = "2012",
      eprint         = "1202.5022",
      archivePrefix  = "arXiv",
      primaryClass   = "nucl-ex",
      reportNumber   = "CMS-HIN-11-013, CERN-PH-EP-2012-042",
      SLACcitation   = "%%CITATION = ARXIV:1202.5022;%%"
}

@article{Abelev:2013qoq,
      author         = "Abelev, Betty and others",
      title          = "{Centrality determination of Pb-Pb collisions at
                       $\sqrt{s_{\mathrm{NN}}}$ = 2.76 TeV with ALICE}",
      collaboration  = "ALICE",
      journal        = "Phys. Rev. C",
      number         = "4",
      volume         = "88",
      pages          = "044909",
      doi            = "10.1103/PhysRevC.88.044909",
      year           = "2013",
      eprint         = "1301.4361",
      archivePrefix  = "arXiv",
      primaryClass   = "nucl-ex",
      reportNumber   = "CERN-PH-EP-2012-368",
      SLACcitation   = "%%CITATION = ARXIV:1301.4361;%%",
}

@article{Aad:2012vca,
      author         = "Aad, Georges and others",
      title          = "{Measurement of the jet radius and transverse momentum
                       dependence of inclusive jet suppression in lead-lead
                       collisions at $\sqrt{s_{\mathrm{NN}}}=2.76$ TeV with the ATLAS
                       detector}",
      collaboration  = "ATLAS",
      journal        = "Phys. Lett. B",
      volume         = "719",
      pages          = "220",
      doi            = "10.1016/j.physletb.2013.01.024",
      year           = "2013",
      eprint         = "1208.1967",
      archivePrefix  = "arXiv",
      primaryClass   = "hep-ex",
      reportNumber   = "CERN-PH-EP-2012-134",
      SLACcitation   = "%%CITATION = ARXIV:1208.1967;%%"
}

@article{Adam:2015ewa,
      author         = "Adam, Jaroslav and others",
      title          = "{Measurement of jet suppression in central Pb-Pb
                        collisions at $\sqrt{s_{\rm NN}}$ = 2.76 TeV}",
      collaboration  = "ALICE",
      journal        = "Phys. Lett. B",
      volume         = "746",
      year           = "2015",
      pages          = "1",
      doi            = "10.1016/j.physletb.2015.04.039",
      eprint         = "1502.01689",
      archivePrefix  = "arXiv",
      primaryClass   = "nucl-ex",
      reportNumber   = "CERN-PH-EP-2015-023",
      SLACcitation   = "%%CITATION = ARXIV:1502.01689;%%"
}

@article{Khachatryan:2016odn,
      author         = "Khachatryan, Vardan and others",
      title          = "{Charged-particle nuclear modification factors in PbPb
                        and pPb collisions at $
                        \sqrt{s_{\mathrm{N}\mathrm{N}}}=5.02 $ TeV}",
      collaboration  = "CMS",
      journal        = "JHEP",
      volume         = "04",
      year           = "2017",
      pages          = "039",
      doi            = "10.1007/JHEP04(2017)039",
      eprint         = "1611.01664",
      archivePrefix  = "arXiv",
      primaryClass   = "nucl-ex",
      reportNumber   = "CMS-HIN-15-015, CERN-EP-2016-242",
      SLACcitation   = "%%CITATION = ARXIV:1611.01664;%%"
}

@article{Adam:2015doa,
      author         = "Adam, Jaroslav and others",
      title          = "{Measurement of jet quenching with semi-inclusive
                        hadron-jet distributions in central Pb-Pb collisions at $
                        \sqrt{s_{\mathrm{NN}}}=2.76 $ TeV}",
      collaboration  = "ALICE",
      journal        = "JHEP",
      volume         = "09",
      year           = "2015",
      pages          = "170",
      doi            = "10.1007/JHEP09(2015)170",
      eprint         = "1506.03984",
      archivePrefix  = "arXiv",
      primaryClass   = "nucl-ex",
      reportNumber   = "CERN-PH-EP-2015-136",
      SLACcitation   = "%%CITATION = ARXIV:1506.03984;%%"
}

@article{Abelev:2013kqa,
      author         = "Abelev, B. and others",
      title          = "{Measurement of charged jet suppression in Pb-Pb
                       collisions at $\sqrt{\mathrm{s}_{\mathrm{NN}}}$ = 2.76 TeV}",
      collaboration  = "ALICE",
      journal        = "JHEP",
      volume         = "03",
      pages          = "013",
      doi            = "10.1007/JHEP03(2014)013",
      year           = "2014",
      eprint         = "1311.0633",
      archivePrefix  = "arXiv",
      primaryClass   = "nucl-ex",
      reportNumber   = "CERN-PH-EP-2013-205",
      SLACcitation   = "%%CITATION = ARXIV:1311.0633;%%",
}

@article{Chatrchyan:2013kwa,
      author         = "Chatrchyan, Serguei and others",
      title          = "{Modification of jet shapes in PbPb collisions at $\sqrt
                       {s_{\mathrm{NN}}} = 2.76$ TeV}",
      collaboration  = "CMS",
      journal        = "Phys. Lett. B",
      volume         = "730",
      pages          = "243",
      doi            = "10.1016/j.physletb.2014.01.042",
      year           = "2014",
      eprint         = "1310.0878",
      archivePrefix  = "arXiv",
      primaryClass   = "nucl-ex",
      reportNumber   = "CERN-PH-EP-2013-189, CMS-HIN-12-002",
      SLACcitation   = "%%CITATION = ARXIV:1310.0878;%%"
}

@article{Chatrchyan:2014ava,
      author         = "Chatrchyan, Serguei and others",
      title          = "{Measurement of jet fragmentation in PbPb and pp
                       collisions at $\sqrt{s_{\mathrm{NN}}}=2.76$ TeV}",
      collaboration  = "CMS",
      journal        = "Phys. Rev. C",
      volume         = "90",
      pages          = "024908",
      doi            = "10.1103/PhysRevC.90.024908",
      year           = "2014",
      eprint         = "1406.0932",
      archivePrefix  = "arXiv",
      primaryClass   = "nucl-ex",
      reportNumber   = "CMS-HIN-12-013, CERN-PH-EP-2014-100",
      SLACcitation   = "%%CITATION = ARXIV:1406.0932;%%"
}

@article{Aaboud:2017bzv,
      author         = "Aaboud, Morad and others",
      title          = "{Measurement of jet fragmentation in Pb+Pb and pp
                        collisions at $\sqrt{{s_\mathrm{NN}}} = 2.76$ TeV with the
                        ATLAS detector at the LHC}",
      collaboration  = "ATLAS",
      journal        = "Eur. Phys. J. C",
      volume         = "77",
      year           = "2017",
      pages          = "379",
      doi            = "10.1140/epjc/s10052-017-4915-5",
      eprint         = "1702.00674",
      archivePrefix  = "arXiv",
      primaryClass   = "hep-ex",
      reportNumber   = "CERN-EP-2017-005",
      SLACcitation   = "%%CITATION = ARXIV:1702.00674;%%"
}

@Unpublished{Acharya:2017goa,
      author         = "Acharya, Shreyasi and others",
      title          = "{First measurement of jet mass in Pb-Pb and p-Pb
                        collisions at the LHC}",
      collaboration  = "ALICE",
      year           = "2017",
      eprint         = "1702.00804",
      archivePrefix  = "arXiv",
      primaryClass   = "nucl-ex",
      note           = "Submitted to \textit{Phys. Lett. B}",
      reportNumber   = "CERN-EP-2017-016",
      SLACcitation   = "%%CITATION = ARXIV:1702.00804;%%"
}



%jet RAA
@article{Spousta:2015fca,
      author         = "Spousta, Martin and Cole, Brian",
      title          = "{Interpreting single jet measurements in Pb $+$ Pb
                        collisions at the LHC}",
      journal        = "Eur. Phys. J.",
      volume         = "C76",
      year           = "2016",
      number         = "2",
      pages          = "50",
      doi            = "10.1140/epjc/s10052-016-3896-0",
      eprint         = "1504.05169",
      archivePrefix  = "arXiv",
      primaryClass   = "hep-ph",
      SLACcitation   = "%%CITATION = ARXIV:1504.05169;%%"
}

% dijet
@article{Chatrchyan:2012nia,
      author         = "Chatrchyan, Serguei and others",
      title          = "{Jet momentum dependence of jet quenching in PbPb
                        collisions at $\sqrt{s_{NN}}=2.76$ TeV}",
      collaboration  = "CMS",
      journal        = "Phys. Lett.",
      volume         = "B712",
      year           = "2012",
      pages          = "176-197",
      doi            = "10.1016/j.physletb.2012.04.058",
      eprint         = "1202.5022",
      archivePrefix  = "arXiv",
      primaryClass   = "nucl-ex",
      reportNumber   = "CMS-HIN-11-013, CERN-PH-EP-2012-042",
      SLACcitation   = "%%CITATION = ARXIV:1202.5022;%%"
}

@article{Chatrchyan:2011sx,
      author         = "Chatrchyan, Serguei and others",
      title          = "{Observation and studies of jet quenching in PbPb
                        collisions at nucleon-nucleon center-of-mass energy = 2.76
                        TeV}",
      collaboration  = "CMS",
      journal        = "Phys. Rev.",
      volume         = "C84",
      year           = "2011",
      pages          = "024906",
      doi            = "10.1103/PhysRevC.84.024906",
      eprint         = "1102.1957",
      archivePrefix  = "arXiv",
      primaryClass   = "nucl-ex",
      reportNumber   = "CERN-PH-EP-2011-001, CMS-HIN-10-004",
      SLACcitation   = "%%CITATION = ARXIV:1102.1957;%%"
}

%gamma-jet 2017
@article{Sirunyan:2017qhf,
      author         = "Sirunyan, Albert M and others",
      title          = "{Study of jet quenching with isolated-photon+jet
                        correlations in PbPb and pp collisions at
                        $\sqrt{s_{_{\mathrm{NN}}}} =$ 5.02 TeV}",
      collaboration  = "CMS",
      journal        = "Phys. Lett.",
      volume         = "B785",
      year           = "2018",
      pages          = "14-39",
      doi            = "10.1016/j.physletb.2018.07.061",
      eprint         = "1711.09738",
      archivePrefix  = "arXiv",
      primaryClass   = "nucl-ex",
      reportNumber   = "CMS-HIN-16-002, CERN-EP-2017-285",
      SLACcitation   = "%%CITATION = ARXIV:1711.09738;%%"
}

% Z-Jet 2017
@article{Sirunyan:2017jic,
      author         = "Sirunyan, Albert M and others",
      title          = "{Study of Jet Quenching with $Z+\text{jet}$ Correlations
                        in Pb-Pb and $pp$ Collisions at
                        ${\sqrt{s}_{\rm NN}}=5.02\text{ }\text{ }\mathrm{TeV}$}",
      collaboration  = "CMS",
      journal        = "Phys. Rev. Lett.",
      volume         = "119",
      year           = "2017",
      number         = "8",
      pages          = "082301",
      doi            = "10.1103/PhysRevLett.119.082301",
      eprint         = "1702.01060",
      archivePrefix  = "arXiv",
      primaryClass   = "nucl-ex",
      reportNumber   = "CMS-HIN-15-013, CERN-EP-2017-002",
      SLACcitation   = "%%CITATION = ARXIV:1702.01060;%%"
}

%% pmj refs

@article{DEramo:2012uzl,
    author = "D'Eramo, Francesco and Lekaveckas, Mindaugas and Liu, Hong and Rajagopal, Krishna",
    title = "{Momentum Broadening in Weakly Coupled Quark-Gluon Plasma (with a view to finding the quasiparticles within liquid quark-gluon plasma)}",
    journal = "JHEP",
    volume = "05",
    year = "2013",
    pages = "031",
    doi = "10.1007/JHEP05(2013)031",
    eprint = "1211.1922",
    archivePrefix = "arXiv",
    primaryClass = "hep-ph",
    reportNumber = "MIT-CTP-4400, CERN-PH-TH-2012-303, UCB-PTH-12-14",
    SLACcitation = "%%CITATION = ARXIV:1211.1922;%%"
}


@article{DEramo:2018eoy,
   author = "D'Eramo, Francesco and Rajagopal, Krishna and Yin, Yi",
   title = "{Moli\`ere Scattering in Quark-Gluon Plasma: Finding Point-Like Scatterers in a Liquid}",
   year           = "2018",
   eprint         = "1808.03250",
   archivePrefix  = "arXiv",
   primaryClass   = "hep-ph",
   reportNumber   = "MIT-CTP-4997",
   SLACcitation   = "%%CITATION = ARXIV:1808.03250;%%"
}

@inproceedings{Gyulassy:2018qhr,
    author = "Gyulassy,M. and Levai, P. and Liao, J. and Shi, S. and Yuan, F. and Wang, X. N.",
    title = "{Precision Dijet Acoplanarity Tomography of the Chromo Structure of Perfect QCD Fluids}",
    booktitle = "{27th International Conference on Ultrarelativistic Nucleus-Nucleus Collisions (Quark Matter 2018) Venice, Italy, May 14-19, 2018}",
    year = "2018",
    eprint = "1808.03238",
    archivePrefix = "arXiv",
    primaryClass = "hep-ph",
    SLACcitation = "%%CITATION = ARXIV:1808.03238;%%"
}
@article{Zakharov:2018rst,
    author = "Zakharov, B. G.",
    title = "{Radiative quark $p_T$-broadening in a quark-gluon plasma beyond the soft gluon approximation}",
    year = "2018",
    eprint = "1807.09742",
    archivePrefix = "arXiv",
    primaryClass = "hep-ph",
    SLACcitation = "%%CITATION = ARXIV:1807.09742;%%"
}

@article{Ghiglieri:2018ltw,
    author = "Ghiglieri, Jacopo and Kim, HyungJoo",
    title = "{Transverse momentum broadening and collinear radiation at NLO in the $\mathcal{N}=4$ SYM plasma}",
    year = "2018",
    eprint = "1809.01349",
    archivePrefix = "arXiv",
    primaryClass = "hep-ph",
    reportNumber = "CERN-TH-2018-181",
    SLACcitation = "%%CITATION = ARXIV:1809.01349;%%"
}

@article{Adamczyk:2017yhe,
      author         = "Adamczyk, L. and others",
      title          = "{Measurements of jet quenching with semi-inclusive
                        hadron+jet distributions in Au+Au collisions at
                        $\sqrt{s_{NN}}$ = 200 GeV}",
      collaboration  = "STAR",
      journal        = "Phys. Rev.",
      volume         = "C96",
      year           = "2017",
      number         = "2",
      pages          = "024905",
      doi            = "10.1103/PhysRevC.96.024905",
      eprint         = "1702.01108",
      archivePrefix  = "arXiv",
      primaryClass   = "nucl-ex",
      SLACcitation   = "%%CITATION = ARXIV:1702.01108;%%"
}

@article{Andrews:2018jcm,
      author         = "Andrews, Harry Arthur and others",
      title          = "{Novel tools and observables for jet physics in heavy-ion
                        collisions}",
      year           = "2018",
      eprint         = "1808.03689",
      archivePrefix  = "arXiv",
      primaryClass   = "hep-ph",
      reportNumber   = "CERN-TH-2018-186, LU-TP 18-14, IFJPAN-IV-2018-8,
                        MCNET-18-19",
      SLACcitation   = "%%CITATION = ARXIV:1808.03689;%%"
}

@article{Chen:2016vem,
      author         = "Chen, Lin and Qin, Guang-You and Wei, Shu-Yi and Xiao,Bo-Wen and Zhang, Han-Zhong",
      title          = "{Probing Transverse Momentum Broadening via Dihadron and Hadron-jet Angular Correlations in Relativistic Heavy-ion Collisions}",
      journal        = "Phys. Lett.",
      volume         = "B773",
      year           = "2017",
      pages          = "672-676",
      doi            = "10.1016/j.physletb.2017.09.031",
      eprint         = "1607.01932",
      archivePrefix  = "arXiv",
      primaryClass   = "hep-ph",
      SLACcitation   = "%%CITATION = ARXIV:1607.01932;%%"
}

@article{Mueller:2016xoc,
      author         = "Mueller, A. H. and Wu, Bin and Xiao, Bo-Wen and Yuan, Feng",
      title          = "{Medium Induced Transverse Momentum Broadening in Hard Processes}",
      journal        = "Phys. Rev.",
      volume         = "D95",
      year           = "2017",
      number         = "3",
      pages          = "034007",
      doi            = "10.1103/PhysRevD.95.034007",
      eprint         = "1608.07339",
      archivePrefix  = "arXiv",
      primaryClass   = "hep-ph",
      SLACcitation   = "%%CITATION = ARXIV:1608.07339;%%"
}

%substructure
@article{Ellis:2009me,
              author         = "Ellis, Stephen D. and Vermilion, Christopher K. and
                                              Walsh, Jonathan R.",
                    title          = "Recombination algorithms and jet substructure: Pruning
                                                    as a tool for heavy particle searches",
      journal        = "Phys. Rev. D",
            volume         = "81",
                  year           = "2010",
                        pages          = "094023",
                              doi            = "10.1103/PhysRevD.81.094023",
                                    eprint         = "0912.0033",
                                          archivePrefix  = "arXiv",
                                                primaryClass   = "hep-ph",
                                                      SLACcitation   = "%%CITATION = ARXIV:0912.0033;%%"
}

@article{Butterworth:2008iy,
              author         = "Butterworth, Jonathan M. and Davison, Adam R. and Rubin,
                                      Mathieu and Salam, Gavin P.",
                                            title          = "{Jet substructure as a new Higgs search channel at the
                                                                            LHC}",
      journal        = "Phys. Rev. Lett.",
            volume         = "100",
                  year           = "2008",
                        pages          = "242001",
                              doi            = "10.1103/PhysRevLett.100.242001",
                                    eprint         = "0802.2470",
                                          archivePrefix  = "arXiv",
                                                primaryClass   = "hep-ph",
                                                      SLACcitation   = "%%CITATION = ARXIV:0802.2470;%%"
}

@article{Krohn:2009th,
              author         = "Krohn, David and Thaler, Jesse and Wang, Lian-Tao",
                    title          = "Jet trimming",
                          journal        = "JHEP",
                                volume         = "02",
                                      year           = "2010",
                                            pages          = "084",
                                                  doi            = "10.1007/JHEP02(2010)084",
                                                        eprint         = "0912.1342",
                                                              archivePrefix  = "arXiv",
                                                                    primaryClass   = "hep-ph",
                                                                          SLACcitation   = "%%CITATION = ARXIV:0912.1342;%%"
}

@article{Dasgupta:2013ihk,
      author         = "Dasgupta, Mrinal and Fregoso, Alessandro and Marzani,
                        Simone and Salam, Gavin P.",
      title          = "{Towards an understanding of jet substructure}",
      journal        = "JHEP",
      volume         = "09",
      year           = "2013",
      pages          = "029",
      doi            = "10.1007/JHEP09(2013)029",
      eprint         = "1307.0007",
      archivePrefix  = "arXiv",
      primaryClass   = "hep-ph",
      reportNumber   = "CERN-PH-TH-2013-145, DCPT-13-86, IPPP-13-43, LPN13-036,
                        MAN-HEP-2013-12",
      SLACcitation   = "%%CITATION = ARXIV:1307.0007;%%"
}

@article{Larkoski:2017bvj,
      author         = "Larkoski, Andrew and Marzani, Simone and Thaler, Jesse
                        and Tripathee, Aashish and Xue, Wei",
      title          = "Exposing the {QCD} Splitting Function with {CMS Open Data}",
      journal        = "Phys. Rev. Lett.",
      volume         = "119",
      year           = "2017",
      pages          = "132003",
      doi            = "10.1103/PhysRevLett.119.132003",
      eprint         = "1704.05066",
      archivePrefix  = "arXiv",
      primaryClass   = "hep-ph",
      reportNumber   = "MIT-CTP-4891",
      SLACcitation   = "%%CITATION = ARXIV:1704.05066;%%"
}

@article{Larkoski:2014wba,
      author         = "Larkoski, Andrew J. and Marzani, Simone and Soyez,
                        Gregory and Thaler, Jesse",
      title          = "Soft drop",
      journal        = "JHEP",
      volume         = "05",
      year           = "2014",
      pages          = "146",
      doi            = "10.1007/JHEP05(2014)146",
      eprint         = "1402.2657",
      archivePrefix  = "arXiv",
      primaryClass   = "hep-ph",
      reportNumber   = "MIT-CTP-4531, DCPT-14-24, IPPP-14-12",
      SLACcitation   = "%%CITATION = ARXIV:1402.2657;%%"
}

@article{Altarelli:1977zs,
      author         = "Altarelli, Guido and Parisi, Giorgio",
      title          = "Asymptotic freedom in parton language",
      journal        = "Nucl. Phys. B",
      volume         = "126",
      year           = "1977",
      pages          = "298",
      doi            = "10.1016/0550-3213(77)90384-4",
      reportNumber   = "LPTENS-77-6",
      SLACcitation   = "%%CITATION = NUPHA,B126,298;%%"
}

@article{Larkoski:2015lea,
      author         = "Larkoski, Andrew J. and Marzani, Simone and Thaler,
                        Jesse",
      title          = "{Sudakov Safety in Perturbative QCD}",
      journal        = "Phys. Rev. D",
      volume         = "91",
      year           = "2015",
      pages          = "111501",
      doi            = "10.1103/PhysRevD.91.111501",
      eprint         = "1502.01719",
      archivePrefix  = "arXiv",
      primaryClass   = "hep-ph",
      reportNumber   = "MIT-CTP-4638",
      SLACcitation   = "%%CITATION = ARXIV:1502.01719;%%"
}

@article{Aaboud:2018hpb,
      author         = "Aaboud, Morad and others",
      title          = "{Measurement of jet fragmentation in Pb+Pb and $pp$
                        collisions at $\sqrt{s_{NN}} = 5.02$ TeV with the ATLAS
                        detector}",
      collaboration  = "ATLAS",
      journal        = "Phys. Rev.",
      volume         = "C98",
      year           = "2018",
      number         = "2",
      pages          = "024908",
      doi            = "10.1103/PhysRevC.98.024908",
      eprint         = "1805.05424",
      archivePrefix  = "arXiv",
      primaryClass   = "nucl-ex",
      reportNumber   = "CERN-EP-2018-096",
      SLACcitation   = "%%CITATION = ARXIV:1805.05424;%%"
}

@article{Sirunyan:2018jqr,
      author         = "Sirunyan, Albert M and others",
      title          = "{Jet properties in PbPb and pp collisions at $
                        \sqrt{s_{\mathrm{N}\;\mathrm{N}}}=5.02 $ TeV}",
      collaboration  = "CMS",
      journal        = "JHEP",
      volume         = "05",
      year           = "2018",
      pages          = "006",
      doi            = "10.1007/JHEP05(2018)006",
      eprint         = "1803.00042",
      archivePrefix  = "arXiv",
      primaryClass   = "nucl-ex",
      reportNumber   = "CMS-HIN-16-020, CERN-EP-2018-011",
      SLACcitation   = "%%CITATION = ARXIV:1803.00042;%%"
}

@article{Sirunyan:2017bsd,
      author         = "Sirunyan, Albert M and others",
      title          = "{Measurement of the splitting function in pp and PbPb
                        collisions at $\sqrt{s_{_{\mathrm{NN}}}}=$ 5.02 TeV}",
      collaboration  = "CMS",
      year           = "2017",
      eprint         = "1708.09429",
      archivePrefix  = "arXiv",
      primaryClass   = "nucl-ex",
      reportNumber   = "CMS-HIN-16-006, CERN-EP-2017-205",
      SLACcitation   = "%%CITATION = ARXIV:1708.09429;%%"
}

@article{Sirunyan:2018gct,
      author         = "Sirunyan, Albert M and others",
      title          = "{Measurement of the groomed jet mass in PbPb and pp
                        collisions at $\sqrt{s_{_\mathrm{NN}}} =$ 5.02 TeV}",
      collaboration  = "CMS",
      year           = "2018",
      eprint         = "1805.05145",
      archivePrefix  = "arXiv",
      primaryClass   = "hep-ex",
      reportNumber   = "CMS-HIN-16-024, CERN-EP-2018-097",
      SLACcitation   = "%%CITATION = ARXIV:1805.05145;%%"
}

%lund
@article{Dreyer:2018nbf,
      author         = "Dreyer, Frédéric A. and Salam, Gavin P. and Soyez,
                        Grégory",
      title          = "{The Lund Jet Plane}",
      year           = "2018",
      eprint         = "1807.04758",
      archivePrefix  = "arXiv",
      primaryClass   = "hep-ph",
      SLACcitation   = "%%CITATION = ARXIV:1807.04758;%%"
}

@article{Andersson:1988gp,
      author         = "Andersson, Bo and Gustafson, Gosta and Lonnblad, Leif and
                        Pettersson, Ulf",
      title          = "{Coherence Effects in Deep Inelastic Scattering}",
      journal        = "Z. Phys.",
      volume         = "C43",
      year           = "1989",
      pages          = "625",
      doi            = "10.1007/BF01550942",
      reportNumber   = "LU-TP-88-14",
      SLACcitation   = "%%CITATION = ZEPYA,C43,625;%%"
}

@article{Zapp:2013vla,
      author         = "Zapp, Korinna C.",
      title          = "{JEWEL 2.0.0: directions for use}",
      journal        = "Eur. Phys. J.",
      volume         = "C74",
      year           = "2014",
      number         = "2",
      pages          = "2762",
      doi            = "10.1140/epjc/s10052-014-2762-1",
      eprint         = "1311.0048",
      archivePrefix  = "arXiv",
      primaryClass   = "hep-ph",
      reportNumber   = "CERN-PH-TH-2013-255, MCNET-13-17",
      SLACcitation   = "%%CITATION = ARXIV:1311.0048;%%"
}

@article{Cacciari:2008gp,
      author         = "Cacciari, Matteo and Salam, Gavin P. and Soyez, Gregory",
      title          = "{The anti-$k_t$ jet clustering algorithm}",
      journal        = "JHEP",
      volume         = "04",
      year           = "2008",
      pages          = "063",
      doi            = "10.1088/1126-6708/2008/04/063",
      eprint         = "0802.1189",
      archivePrefix  = "arXiv",
      primaryClass   = "hep-ph",
      reportNumber   = "LPTHE-07-03",
      SLACcitation   = "%%CITATION = ARXIV:0802.1189;%%"
}

@article{Cacciari:2011ma,
      author         = "Cacciari, Matteo and Salam, Gavin P. and Soyez, Gregory",
      title          = "{FastJet User Manual}",
      journal        = "Eur. Phys. J.",
      volume         = "C72",
      year           = "2012",
      pages          = "1896",
      doi            = "10.1140/epjc/s10052-012-1896-2",
      eprint         = "1111.6097",
      archivePrefix  = "arXiv",
      primaryClass   = "hep-ph",
      reportNumber   = "CERN-PH-TH-2011-297",
      SLACcitation   = "%%CITATION = ARXIV:1111.6097;%%"
}

@article{Cacciari:2005hq,
      author         = "Cacciari, Matteo and Salam, Gavin P.",
      title          = "{Dispelling the $N^{3}$ myth for the $k_t$ jet-finder}",
      journal        = "Phys. Lett.",
      volume         = "B641",
      year           = "2006",
      pages          = "57-61",
      doi            = "10.1016/j.physletb.2006.08.037",
      eprint         = "hep-ph/0512210",
      archivePrefix  = "arXiv",
      primaryClass   = "hep-ph",
      reportNumber   = "LPTHE-05-32",
      SLACcitation   = "%%CITATION = HEP-PH/0512210;%%"
}

@article{Adam:2015doa,
      author         = "Adam, Jaroslav and others",
      title          = "{Measurement of jet quenching with semi-inclusive
                        hadron-jet distributions in central Pb-Pb collisions at $
                        \sqrt{s_{\mathrm{NN}}}=2.76 $ TeV}",
      collaboration  = "ALICE",
      journal        = "JHEP",
      volume         = "09",
      year           = "2015",
      pages          = "170",
      doi            = "10.1007/JHEP09(2015)170",
      eprint         = "1506.03984",
      archivePrefix  = "arXiv",
      primaryClass   = "nucl-ex",
      reportNumber   = "CERN-PH-EP-2015-136",
      SLACcitation   = "%%CITATION = ARXIV:1506.03984;%%"
}

@article{Haake:2018hqn,
      author         = "Haake, Rüdiger and Loizides, Constantin",
      title          = "{Machine Learning based jet momentum reconstruction in
                        heavy-ion collisions}",
      year           = "2018",
      eprint         = "1810.06324",
      archivePrefix  = "arXiv",
      primaryClass   = "nucl-ex",
      SLACcitation   = "%%CITATION = ARXIV:1810.06324;%%"
}

@article{Sirunyan:2018ncy,
      author         = "Sirunyan, Albert M and others",
      title          = "{Jet shapes of isolated photon-tagged jets in PbPb and pp
                        collisions at $\sqrt{s_\mathrm{NN}} =$ 5.02 TeV}",
      collaboration  = "CMS",
      journal        = "Submitted to: Phys. Rev. Lett.",
      year           = "2018",
      eprint         = "1809.08602",
      archivePrefix  = "arXiv",
      primaryClass   = "hep-ex",
      reportNumber   = "CMS-HIN-18-006, CERN-EP-2018-249",
      SLACcitation   = "%%CITATION = ARXIV:1809.08602;%%"
}