% -- include here the bibtex style bibliography items for your section




@inproceedings{Manglunki:2016qzl,
      author         = "Manglunki, Django and others",
      title          = "{CERN's Fixed Target Primary Ion Programme}",
      booktitle      = "{Proceedings, 7th International Particle Accelerator
                        Conference (IPAC 2016): Busan, Korea, May 8-13, 2016}",
      year           = "2016",
      pages          = "TUPMR027",
      doi            = "10.18429/JACoW-IPAC2016-TUPMR027",
      SLACcitation   = "%%CITATION = INSPIRE-1469885;%%"
}




@inproceedings{Schaumann:2018qat,
      author         = "Schaumann, Michaela and others",
      title          = "{First Xenon-Xenon Collisions in the LHC}",
      booktitle      = "{Proceedings, 9th International Particle Accelerator
                        Conference (IPAC 2018): Vancouver, BC Canada}",
      year           = "2018",
      pages          = "MOPMF039",
      doi            = "10.18429/JACoW-IPAC2018-MOPMF039",
      SLACcitation   = "%%CITATION = INSPIRE-1691330;%%"
}




@Article{HLLHCPbPbspec,
  Title                    = {{HL-LHC Heavy-ion beam parameters at LHC injection}},
  Author                   = {J.M. Jowett},
  Journal                  = {CERN EDMS 134202},
  Year                     = {2015},
}

@inproceedings{Hermes:2016axv,
      author         = "Hermes, Pascal and others",
      title          = "{Simulation of Heavy-Ion Beam Losses with the
                        SixTrack-FLUKA Active Coupling}",
      booktitle      = "{Proceedings, 7th International Particle Accelerator
                        Conference (IPAC 2016): Busan, Korea, May 8-13, 2016}",
      year           = "2016",
      pages          = "WEPMW029",
      doi            = "10.18429/JACoW-IPAC2016-WEPMW029",
      SLACcitation   = "%%CITATION = INSPIRE-1470239;%%"
}

@Article{hermes16-ipac-coupling,
  Title                    = {{Simulation of Heavy-Ion Beam Losses with the SixTrack-FLUKA Active Coupling}},
  Author                   = {P.D. Hermes and others},
  Author                   = {P.D. Hermes and R. Bruce and F. Cerutti and A. Ferrari and J.M. Jowett and A. Lechner and A. Mereghetti and D. Mirarchi and P.G. Ortega and S. Redaelli and B. Salvachua and E. Skordis and G. Valentino and V. Vlachoudis},
  Journal                  = IPAC2016 # "\textnormal{, paper WEPMW029}",
  pages =                     "2490-93",
  Year                     = {2016},
  Url                      = {http://accelconf.web.cern.ch/AccelConf/ipac2016/papers/wepmw029.pdf}
} 