% -- include here the bibtex style bibliography items for your section

@article{Sirunyan:2018eqi,
      author         = "Sirunyan, Albert M and others",
      title          = "{Charged-particle nuclear modification factors in XeXe
                        collisions at $\sqrt{s_\mathrm{NN}}=$ 5.44 TeV}",
      collaboration  = "CMS",
      year           = "2018",
      eprint         = "1809.00201",
      archivePrefix  = "arXiv",
      primaryClass   = "hep-ex",
      reportNumber   = "CMS-HIN-18-004, CERN-EP-2018-228",
      SLACcitation   = "%%CITATION = ARXIV:1809.00201;%%"
}
@article{ATLAS-CONF-2018-007,
      title         = "{Charged hadron spectra and dijet $p_{\mathrm{T}}$
                       correlations measured in Xe+Xe collisions at
                       $\sqrt{s_{_\text{NN}}}=5.44$TeV with the ATLAS detector}",
      institution   = "CERN",
      collaboration = "ATLAS Collaboration",
      address       = "Geneva",
      number        = "ATLAS-CONF-2018-007",
      month         = "May",
      year          = "2018",
      reportNumber  = "ATLAS-CONF-2018-007",
      url           = "https://cds.cern.ch/record/2318588",
}
@article{Zapp:2009ud,
      author         = "Zapp, Korinna and Stachel, Johanna and Wiedemann, Urs
                        Achim",
      title          = "{JEWEL - a Monte Carlo Model for Jet Quenching}",
      booktitle      = "{Proceedings, 4th International Workshop on High p(T)
                        physics at LHC: Prague, Czech Republic, February 4-7,
                        2009}",
      journal        = "PoS",
      volume         = "High-pT physics09",
      year           = "2009",
      pages          = "022",
      doi            = "10.22323/1.080.0022",
      eprint         = "0904.4885",
      archivePrefix  = "arXiv",
      primaryClass   = "hep-ph",
      SLACcitation   = "%%CITATION = ARXIV:0904.4885;%%"
}
@article{Miller:2007ri,
      author         = "Miller, Michael L. and Reygers, Klaus and Sanders,
                        Stephen J. and Steinberg, Peter",
      title          = "{Glauber modeling in high energy nuclear collisions}",
      journal        = "Ann. Rev. Nucl. Part. Sci.",
      volume         = "57",
      year           = "2007",
      pages          = "205-243",
      doi            = "10.1146/annurev.nucl.57.090506.123020",
      eprint         = "nucl-ex/0701025",
      archivePrefix  = "arXiv",
      primaryClass   = "nucl-ex",
      SLACcitation   = "%%CITATION = NUCL-EX/0701025;%%"
}
@article{Apolinario:2017sob,
      author         = "Apolinário, Liliana and Milhano, José Guilherme and
                        Salam, Gavin P. and Salgado, Carlos A.",
      title          = "{Probing the time structure of the quark-gluon plasma
                        with top quarks}",
      journal        = "Phys. Rev. Lett.",
      volume         = "120",
      year           = "2018",
      number         = "23",
      pages          = "232301",
      doi            = "10.1103/PhysRevLett.120.232301",
      eprint         = "1711.03105",
      archivePrefix  = "arXiv",
      primaryClass   = "hep-ph",
      reportNumber   = "CERN-TH-2017-237",
      SLACcitation   = "%%CITATION = ARXIV:1711.03105;%%"
}