% -- include here the bibtex style bibliography items for your section

@article{Krouppa:2017jlg,
      author         = "Krouppa, Brandon and Rothkopf, Alexander and Strickland,
                        Michael",
      title          = "{Bottomonium suppression using a lattice QCD vetted
                        potential}",
      journal        = "Phys. Rev.",
      volume         = "D97",
      year           = "2018",
      number         = "1",
      pages          = "016017",
      doi            = "10.1103/PhysRevD.97.016017",
      eprint         = "1710.02319",
      archivePrefix  = "arXiv",
      primaryClass   = "hep-ph",
      SLACcitation   = "%%CITATION = ARXIV:1710.02319;%%"
}

@article{Du:2017qkv,
      author         = "Du, Xiaojian and Rapp, Ralf and He, Min",
      title          = "{Color Screening and Regeneration of Bottomonia in
                        High-Energy Heavy-Ion Collisions}",
      journal        = "Phys. Rev.",
      volume         = "C96",
      year           = "2017",
      number         = "5",
      pages          = "054901",
      doi            = "10.1103/PhysRevC.96.054901",
      eprint         = "1706.08670",
      archivePrefix  = "arXiv",
      primaryClass   = "hep-ph",
      SLACcitation   = "%%CITATION = ARXIV:1706.08670;%%"
}

@article{Krouppa:2016jcl,
      author         = "Krouppa, Brandon and Strickland, Michael",
      title          = "{Predictions for bottomonia suppression in 5.023 TeV
                        Pb-Pb collisions}",
      journal        = "Universe",
      volume         = "2",
      year           = "2016",
      number         = "3",
      pages          = "16",
      doi            = "10.3390/universe2030016",
      eprint         = "1605.03561",
      archivePrefix  = "arXiv",
      primaryClass   = "hep-ph",
      SLACcitation   = "%%CITATION = ARXIV:1605.03561;%%"
}

@techreport{CMS-PAS-FTR-17-002,
      title         = "{Projected Heavy Ion Physics Performance at the High
                       Luminosity LHC Era with the CMS Detector}",
      institution   = "CERN",
      collaboration = "CMS Collaboration",
      address       = "Geneva",
      number        = "CMS-PAS-FTR-17-002",
      year          = "2017",
      reportNumber  = "CMS-PAS-FTR-17-002",
      url           = "https://cds.cern.ch/record/2291105",
}

@article{Ma:2018bax,
      author         = "Ma, Yan-Qing and Tribedy, Prithwish and Venugopalan, Raju
                        and Watanabe, Kazuhiro",
      title          = "{Event engineering heavy flavor production and
                        hadronization in high multiplicity hadron-hadron
                        collisions}",
      year           = "2018",
      eprint         = "1803.11093",
      archivePrefix  = "arXiv",
      primaryClass   = "hep-ph",
      reportNumber   = "JLAB-THY-18-2676, JLAB-THY-18-2676",
      SLACcitation   = "%%CITATION = ARXIV:1803.11093;%%"
}

@techreport{Abelev:1475243,
      author        = "Abelev, B and others",
      title         = "{Upgrade of the ALICE Experiment: Letter of Intent}",
      institution   = "CERN",
      collaboration = "ALICE Collaboration",
      address       = "Geneva",
      number        = "CERN-LHCC-2012-012. LHCC-I-022. ALICE-UG-002",
      month         = "Aug",
      year          = "2012",
      reportNumber  = "CERN-LHCC-2012-012",
      url           = "https://cds.cern.ch/record/1475243",
}

@techreport{CERN-LHCC-2013-014,
      title         = "{Addendum of the Letter of Intent for the upgrade of the
                       ALICE experiment : The Muon Forward Tracker}",
      institution   = "CERN",
      collaboration = "ALICE Collaboration",
      address       = "Geneva",
      number        = "CERN-LHCC-2013-014. LHCC-I-022-ADD-1",
      month         = "Aug",
      year          = "2013",
      reportNumber  = "CERN-LHCC-2013-014",
      url           = "https://cds.cern.ch/record/1592659",
      note          = "Final submission of the presetn LoI addendum is scheduled
                       for September 7th.",
}

@article{Aaboud:2018quy,
      author         = "Aaboud, Morad and others",
      title          = "{Prompt and non-prompt $J/\psi$ and $\psi(2\mathrm{S})$
                        suppression at high transverse momentum in 5.02 TeV Pb+Pb
                        collisions with the ATLAS experiment}",
      collaboration  = "ATLAS",
      year           = "2018",
      eprint         = "1805.04077",
      archivePrefix  = "arXiv",
      primaryClass   = "nucl-ex",
      reportNumber   = "CERN-EP-2018-049, CERN-EP-2018-049",
      SLACcitation   = "%%CITATION = ARXIV:1805.04077;%%"
}