% -- include here the bibtex style bibliography items for your section

@article{Dainese:2016gch,
      author         = "Dainese, A. and others",
      title          = "{Heavy ions at the Future Circular Collider}",
      journal        = "CERN Yellow Report",
      year           = "2017",
      number         = "3",
      pages          = "635-692",
      doi            = "10.23731/CYRM-2017-003.635",
      eprint         = "1605.01389",
      archivePrefix  = "arXiv",
      primaryClass   = "hep-ph",
      reportNumber   = "CERN-TH-2016-107",
      SLACcitation   = "%%CITATION = ARXIV:1605.01389;%%"
}

@article{Berger:2018mtg,
      author         = "Berger, Edmond L. and Gao, Jun and Jueid, Adil and Zhang,
                        Hao",
      title          = "{Higgs properties revealed through jet quenching in heavy
                        ion collisions}",
      year           = "2018",
      eprint         = "1804.06858",
      archivePrefix  = "arXiv",
      primaryClass   = "hep-ph",
      SLACcitation   = "%%CITATION = ARXIV:1804.06858;%%"
}

@MISC{FCC-CDR,
	*** Not Found with lookup: 'find r FCC-CDR'
}


@article{Aamodt:2010pb,
      author         = "Aamodt, K and others",
      title          = "{Charged-particle multiplicity density at mid-rapidity in
                        central Pb-Pb collisions at $\sqrt{s_{NN}} = 2.76$ TeV}",
      collaboration  = "ALICE",
      journal        = "Phys. Rev. Lett.",
      volume         = "105",
      year           = "2010",
      pages          = "252301",
      doi            = "10.1103/PhysRevLett.105.252301",
      eprint         = "1011.3916",
      archivePrefix  = "arXiv",
      primaryClass   = "nucl-ex",
      reportNumber   = "CERN-PH-EP-2010-060",
      SLACcitation   = "%%CITATION = ARXIV:1011.3916;%%"
}


@article{Acharya:2018hhy,
      author         = "Acharya, Shreyasi and others",
      title          = "{Centrality and pseudorapidity dependence of the
                        charged-particle multiplicity density in Xe-Xe collisions
                        at $\sqrt{s_{\rm NN}}$ = 5.44 TeV}",
      collaboration  = "ALICE",
      year           = "2018",
      eprint         = "1805.04432",
      archivePrefix  = "arXiv",
      primaryClass   = "nucl-ex",
      reportNumber   = "CERN-EP-2018-120",
      SLACcitation   = "%%CITATION = ARXIV:1805.04432;%%"
}


%%% contains utf-8, see: https://inspirehep.net/info/faq/general#utf8
%%% add \usepackage[utf8]{inputenc} to your latex preamble

@article{Apolinario:2017sob,
      author         = "Apolinário, Liliana and Milhano, José Guilherme and
                        Salam, Gavin P. and Salgado, Carlos A.",
      title          = "{Probing the time structure of the quark-gluon plasma
                        with top quarks}",
      journal        = "Phys. Rev. Lett.",
      volume         = "120",
      year           = "2018",
      number         = "23",
      pages          = "232301",
      doi            = "10.1103/PhysRevLett.120.232301",
      eprint         = "1711.03105",
      archivePrefix  = "arXiv",
      primaryClass   = "hep-ph",
      reportNumber   = "CERN-TH-2017-237",
      SLACcitation   = "%%CITATION = ARXIV:1711.03105;%%"
}



%%% contains utf-8, see: https://inspirehep.net/info/faq/general#utf8
%%% add \usepackage[utf8]{inputenc} to your latex preamble

@article{dEnterria:2015mgr,
      author         = "d'Enterria, David and Krajczár, Krisztián and
                        Paukkunen, Hannu",
      title          = "{Top-quark production in proton–nucleus and
                        nucleus–nucleus collisions at LHC energies and beyond}",
      journal        = "Phys. Lett.",
      volume         = "B746",
      year           = "2015",
      pages          = "64-72",
      doi            = "10.1016/j.physletb.2015.04.044",
      eprint         = "1501.05879",
      archivePrefix  = "arXiv",
      primaryClass   = "hep-ph",
      SLACcitation   = "%%CITATION = ARXIV:1501.05879;%%"
}


@article{dEnterria:2017jyt,
      author         = "d'Enterria, David",
      title          = "{Top-quark and Higgs boson perspectives at heavy-ion
                        colliders}",
      booktitle      = "{Proceedings, 8th International Conference on Hard and
                        Electromagnetic Probes of High-energy Nuclear Collisions:
                        Hard Probes 2016 (HP2016): Wuhan, Hubei, China, September
                        23-27, 2016}",
      journal        = "Nucl. Part. Phys. Proc.",
      volume         = "289-290",
      year           = "2017",
      pages          = "237-240",
      doi            = "10.1016/j.nuclphysbps.2017.05.053",
      eprint         = "1701.08047",
      archivePrefix  = "arXiv",
      primaryClass   = "hep-ex",
      SLACcitation   = "%%CITATION = ARXIV:1701.08047;%%"
}


@article{Campbell:2010ff,
      author         = "Campbell, John M. and Ellis, R. K.",
      title          = "{MCFM for the Tevatron and the LHC}",
      booktitle      = "{Proceedings,  10th DESY Workshop on Elementary Particle
                        Theory: Loops and Legs in Quantum Field Theory: Woerlitz,
                        Germany, April 25-30, 2010}",
      journal        = "Nucl. Phys. Proc. Suppl.",
      volume         = "205-206",
      year           = "2010",
      pages          = "10-15",
      doi            = "10.1016/j.nuclphysbps.2010.08.011",
      eprint         = "1007.3492",
      archivePrefix  = "arXiv",
      primaryClass   = "hep-ph",
      reportNumber   = "FERMILAB-CONF-10-244-T",
      SLACcitation   = "%%CITATION = ARXIV:1007.3492;%%"
}


@article{Baskakov:2015nxa,
      author         = "Baskakov, A. V. and Boos, E. E. and Dudko, L. V. and
                        Lokhtin, I. P. and Snigirev, A. M.",
      title          = "{Single top quark production in heavy ion collisions at
                        energies available at the CERN Large Hadron Collider}",
      journal        = "Phys. Rev.",
      volume         = "C92",
      year           = "2015",
      number         = "4",
      pages          = "044901",
      doi            = "10.1103/PhysRevC.92.044901",
      eprint         = "1502.04875",
      archivePrefix  = "arXiv",
      primaryClass   = "hep-ph",
      SLACcitation   = "%%CITATION = ARXIV:1502.04875;%%"
}


@article{CasalderreySolana:2012ef,
      author         = "Casalderrey-Solana, Jorge and Mehtar-Tani, Yacine and
                        Salgado, Carlos A. and Tywoniuk, Konrad",
      title          = "{New picture of jet quenching dictated by color
                        coherence}",
      journal        = "Phys. Lett.",
      volume         = "B725",
      year           = "2013",
      pages          = "357-360",
      doi            = "10.1016/j.physletb.2013.07.046",
      eprint         = "1210.7765",
      archivePrefix  = "arXiv",
      primaryClass   = "hep-ph",
      reportNumber   = "CERN-PH-TH-2012-291, LU-TP-12-37",
      SLACcitation   = "%%CITATION = ARXIV:1210.7765;%%"
}



%%% contains utf-8, see: https://inspirehep.net/info/faq/general#utf8
%%% add \usepackage[utf8]{inputenc} to your latex preamble

@article{Andronic:2015wma,
      author         = "Andronic, A. and others",
      title          = "{Heavy-flavour and quarkonium production in the LHC era:
                        from proton–proton to heavy-ion collisions}",
      journal        = "Eur. Phys. J.",
      volume         = "C76",
      year           = "2016",
      number         = "3",
      pages          = "107",
      doi            = "10.1140/epjc/s10052-015-3819-5",
      eprint         = "1506.03981",
      archivePrefix  = "arXiv",
      primaryClass   = "nucl-ex",
      SLACcitation   = "%%CITATION = ARXIV:1506.03981;%%"
}


@article{Liu:2016zle,
      author         = "Liu, Yunpeng and Ko, Che-Ming",
      title          = "{Thermal production of charm quarks in heavy ion
                        collisions at Future Circular Collider}",
      journal        = "J. Phys.",
      volume         = "G43",
      year           = "2016",
      number         = "12",
      pages          = "125108",
      doi            = "10.1088/0954-3899/43/12/125108",
      eprint         = "1604.01207",
      archivePrefix  = "arXiv",
      primaryClass   = "nucl-th",
      SLACcitation   = "%%CITATION = ARXIV:1604.01207;%%"
}


@article{Zhou:2016wbo,
      author         = "Zhou, Kai and Chen, Zhengyu and Greiner, Carsten and
                        Zhuang, Pengfei",
      title          = "{Thermal Charm and Charmonium Production in Quark Gluon
                        Plasma}",
      journal        = "Phys. Lett.",
      volume         = "B758",
      year           = "2016",
      pages          = "434-439",
      doi            = "10.1016/j.physletb.2016.05.051",
      eprint         = "1602.01667",
      archivePrefix  = "arXiv",
      primaryClass   = "hep-ph",
      SLACcitation   = "%%CITATION = ARXIV:1602.01667;%%"
}



%%% contains utf-8, see: https://inspirehep.net/info/faq/general#utf8
%%% add \usepackage[utf8]{inputenc} to your latex preamble

@article{Adam:2015isa,
      author         = "Adam, Jaroslav and others",
      title          = "{Differential studies of inclusive J/ψ and ψ(2S)
                        production at forward rapidity in Pb-Pb collisions at $
                        \sqrt{s_{\mathrm{NN}}}=2.76 $ TeV}",
      collaboration  = "ALICE",
      journal        = "JHEP",
      volume         = "05",
      year           = "2016",
      pages          = "179",
      doi            = "10.1007/JHEP05(2016)179",
      eprint         = "1506.08804",
      archivePrefix  = "arXiv",
      primaryClass   = "nucl-ex",
      reportNumber   = "CERN-PH-EP-2015-157",
      SLACcitation   = "%%CITATION = ARXIV:1506.08804;%%"
}


@article{Adam:2015rba,
      author         = "Adam, Jaroslav and others",
      title          = "{Inclusive, prompt and non-prompt J/$\psi$ production at
                        mid-rapidity in Pb-Pb collisions at $\sqrt{s_{\rm NN}}$ =
                        2.76 TeV}",
      collaboration  = "ALICE",
      journal        = "JHEP",
      volume         = "07",
      year           = "2015",
      pages          = "051",
      doi            = "10.1007/JHEP07(2015)051",
      eprint         = "1504.07151",
      archivePrefix  = "arXiv",
      primaryClass   = "nucl-ex",
      reportNumber   = "CERN-PH-EP-2015-092",
      SLACcitation   = "%%CITATION = ARXIV:1504.07151;%%"
}


@article{Chatrchyan:2012np,
      author         = "Chatrchyan, Serguei and others",
      title          = "{Suppression of non-prompt $J/\psi$, prompt $J/\psi$, and
                        Y(1S) in PbPb collisions at $\sqrt{s_{NN}}=2.76$ TeV}",
      collaboration  = "CMS",
      journal        = "JHEP",
      volume         = "05",
      year           = "2012",
      pages          = "063",
      doi            = "10.1007/JHEP05(2012)063",
      eprint         = "1201.5069",
      archivePrefix  = "arXiv",
      primaryClass   = "nucl-ex",
      reportNumber   = "CMS-HIN-10-006, CERN-PH-EP-2011-170",
      SLACcitation   = "%%CITATION = ARXIV:1201.5069;%%"
}


@article{Liu:2009nb,
      author         = "Liu, Yun-peng and Qu, Zhen and Xu, Nu and Zhuang,
                        Peng-fei",
      title          = "{J/psi Transverse Momentum Distribution in High Energy
                        Nuclear Collisions at RHIC}",
      journal        = "Phys. Lett.",
      volume         = "B678",
      year           = "2009",
      pages          = "72-76",
      doi            = "10.1016/j.physletb.2009.06.006",
      eprint         = "0901.2757",
      archivePrefix  = "arXiv",
      primaryClass   = "nucl-th",
      SLACcitation   = "%%CITATION = ARXIV:0901.2757;%%"
}


@article{Zhao:2011cv,
      author         = "Zhao, Xingbo and Rapp, Ralf",
      title          = "{Medium Modifications and Production of Charmonia at
                        LHC}",
      journal        = "Nucl. Phys.",
      volume         = "A859",
      year           = "2011",
      pages          = "114-125",
      doi            = "10.1016/j.nuclphysa.2011.05.001",
      eprint         = "1102.2194",
      archivePrefix  = "arXiv",
      primaryClass   = "hep-ph",
      SLACcitation   = "%%CITATION = ARXIV:1102.2194;%%"
}


@article{Andronic:2011yq,
      author         = "Andronic, A. and Braun-Munzinger, P. and Redlich, K. and
                        Stachel, J.",
      title          = "{The thermal model on the verge of the ultimate test:
                        particle production in Pb-Pb collisions at the LHC}",
      booktitle      = "{Quark matter. Proceedings, 22nd International Conference
                        on Ultra-Relativistic Nucleus-Nucleus Collisions, Quark
                        Matter 2011, Annecy, France, May 23-28, 2011}",
      journal        = "J. Phys.",
      volume         = "G38",
      year           = "2011",
      pages          = "124081",
      doi            = "10.1088/0954-3899/38/12/124081",
      eprint         = "1106.6321",
      archivePrefix  = "arXiv",
      primaryClass   = "nucl-th",
      SLACcitation   = "%%CITATION = ARXIV:1106.6321;%%"
}


@article{Gribov:1984tu,
      author         = "Gribov, L. V. and Levin, E. M. and Ryskin, M. G.",
      title          = "{Semihard Processes in QCD}",
      journal        = "Phys. Rept.",
      volume         = "100",
      year           = "1983",
      pages          = "1-150",
      doi            = "10.1016/0370-1573(83)90022-4",
      SLACcitation   = "%%CITATION = PRPLC,100,1;%%"
}


@article{Mueller:1985wy,
      author         = "Mueller, Alfred H. and Qiu, Jian-wei",
      title          = "{Gluon Recombination and Shadowing at Small Values of x}",
      journal        = "Nucl. Phys.",
      volume         = "B268",
      year           = "1986",
      pages          = "427-452",
      doi            = "10.1016/0550-3213(86)90164-1",
      reportNumber   = "CU-TP-322",
      SLACcitation   = "%%CITATION = NUPHA,B268,427;%%"
}


@article{Arneodo:1992wf,
      author         = "Arneodo, Michele",
      title          = "{Nuclear effects in structure functions}",
      journal        = "Phys. Rept.",
      volume         = "240",
      year           = "1994",
      pages          = "301-393",
      doi            = "10.1016/0370-1573(94)90048-5",
      reportNumber   = "CERN-PPE-92-113",
      SLACcitation   = "%%CITATION = PRPLC,240,301;%%"
}


@article{Accardi:2012qut,
      author         = "Accardi, A. and others",
      editor         = "Deshpande, A. and Meziani, Z. E. and Qiu, J. W.",
      title          = "{Electron Ion Collider: The Next QCD Frontier}",
      journal        = "Eur. Phys. J.",
      volume         = "A52",
      year           = "2016",
      number         = "9",
      pages          = "268",
      doi            = "10.1140/epja/i2016-16268-9",
      eprint         = "1212.1701",
      archivePrefix  = "arXiv",
      primaryClass   = "nucl-ex",
      reportNumber   = "BNL-98815-2012-JA, JLAB-PHY-12-1652",
      SLACcitation   = "%%CITATION = ARXIV:1212.1701;%%"
}


@article{AbelleiraFernandez:2012cc,
      author         = "Abelleira Fernandez, J. L. and others",
      title          = "{A Large Hadron Electron Collider at CERN: Report on the
                        Physics and Design Concepts for Machine and Detector}",
      collaboration  = "LHeC Study Group",
      journal        = "J. Phys.",
      volume         = "G39",
      year           = "2012",
      pages          = "075001",
      doi            = "10.1088/0954-3899/39/7/075001",
      eprint         = "1206.2913",
      archivePrefix  = "arXiv",
      primaryClass   = "physics.acc-ph",
      reportNumber   = "SLAC-R-999, CERN-OPEN-2012-015, LHEC-NOTE-2012-001-GEN",
      SLACcitation   = "%%CITATION = ARXIV:1206.2913;%%"
}


@article{Eskola:2009uj,
      author         = "Eskola, K. J. and Paukkunen, H. and Salgado, C. A.",
      title          = "{EPS09: A New Generation of NLO and LO Nuclear Parton
                        Distribution Functions}",
      journal        = "JHEP",
      volume         = "04",
      year           = "2009",
      pages          = "065",
      doi            = "10.1088/1126-6708/2009/04/065",
      eprint         = "0902.4154",
      archivePrefix  = "arXiv",
      primaryClass   = "hep-ph",
      SLACcitation   = "%%CITATION = ARXIV:0902.4154;%%"
}


@article{Paukkunen:2014zia,
      author         = "Paukkunen, Hannu and Zurita, Pia",
      title          = "{PDF reweighting in the Hessian matrix approach}",
      journal        = "JHEP",
      volume         = "12",
      year           = "2014",
      pages          = "100",
      doi            = "10.1007/JHEP12(2014)100",
      eprint         = "1402.6623",
      archivePrefix  = "arXiv",
      primaryClass   = "hep-ph",
      SLACcitation   = "%%CITATION = ARXIV:1402.6623;%%"
}


@article{d'Enterria:2008sh,
      author         = "d'Enterria, David and Klasen, Michael and Piotrzkowski,
                        Krzysztof",
      title          = "{High-Energy Photon Collisions at the LHC}",
      booktitle      = "{High-energy photon collisions at the LHC. Proceedings,
                        International Workshop, Photon-LHC-2008, Geneva,
                        Switzerland, April 22-28, 2008}",
      journal        = "Nucl. Phys. Proc. Suppl.",
      volume         = "179B",
      year           = "2008",
      pages          = "1",
      doi            = "10.1016/S0920-5632(08)00090-X",
      reportNumber   = "PHOTON-LHC-2008",
      SLACcitation   = "%%CITATION = NUPHZ,179B,1;%%"
}


@article{Baltz:2007kq,
      author         = "Baltz, A. J.",
      editor         = "Baur, G. and d'Enterria, D. and Frankfurt, L. and Gelis,
                        F. and Guzey, V. and Hencken, K. and Kharlov, Yu. and
                        Klasen, M. and Klein, S. R. and Nikulin, V. and others ",
      title          = "{The Physics of Ultraperipheral Collisions at the LHC}",
      journal        = "Phys. Rept.",
      volume         = "458",
      year           = "2008",
      pages          = "1-171",
      doi            = "10.1016/j.physrep.2007.12.001",
      eprint         = "0706.3356",
      archivePrefix  = "arXiv",
      primaryClass   = "nucl-ex",
      SLACcitation   = "%%CITATION = ARXIV:0706.3356;%%"
}


@article{Chatrchyan:2012tv,
      author         = "Chatrchyan, Serguei and others",
      title          = "{Search for exclusive or semi-exclusive photon pair
                        production and observation of exclusive and semi-exclusive
                        electron pair production in $pp$ collisions at
                        $\sqrt{s}=7$ TeV}",
      collaboration  = "CMS",
      journal        = "JHEP",
      volume         = "11",
      year           = "2012",
      pages          = "080",
      doi            = "10.1007/JHEP11(2012)080",
      eprint         = "1209.1666",
      archivePrefix  = "arXiv",
      primaryClass   = "hep-ex",
      reportNumber   = "CMS-FWD-11-004, CERN-PH-EP-2012-246",
      SLACcitation   = "%%CITATION = ARXIV:1209.1666;%%"
}


@article{Chatrchyan:2013foa,
      author         = "Chatrchyan, Serguei and others",
      title          = "{Study of exclusive two-photon production of $W^+W^-$ in
                        $pp$ collisions at $\sqrt{s} = 7$ TeV and constraints on
                        anomalous quartic gauge couplings}",
      collaboration  = "CMS",
      journal        = "JHEP",
      volume         = "07",
      year           = "2013",
      pages          = "116",
      doi            = "10.1007/JHEP07(2013)116",
      eprint         = "1305.5596",
      archivePrefix  = "arXiv",
      primaryClass   = "hep-ex",
      reportNumber   = "CMS-FSQ-12-010, CERN-PH-EP-2013-084",
      SLACcitation   = "%%CITATION = ARXIV:1305.5596;%%"
}


@article{Abbas:2013oua,
      author         = "Abbas, E. and others",
      title          = "{Charmonium and $e^+e^-$ pair photoproduction at
                        mid-rapidity in ultra-peripheral Pb-Pb collisions at
                        $\sqrt{s_{\rm NN}}$=2.76 TeV}",
      collaboration  = "ALICE",
      journal        = "Eur. Phys. J.",
      volume         = "C73",
      year           = "2013",
      number         = "11",
      pages          = "2617",
      doi            = "10.1140/epjc/s10052-013-2617-1",
      eprint         = "1305.1467",
      archivePrefix  = "arXiv",
      primaryClass   = "nucl-ex",
      reportNumber   = "CERN-PH-EP-2013-066",
      SLACcitation   = "%%CITATION = ARXIV:1305.1467;%%"
}


@article{Aad:2015bwa,
      author         = "Aad, Georges and others",
      title          = "{Measurement of exclusive $\gamma\gamma\rightarrow
                        \ell^+\ell^-$ production in proton-proton collisions at
                        $\sqrt{s} = 7$ TeV with the ATLAS detector}",
      collaboration  = "ATLAS",
      journal        = "Phys. Lett.",
      volume         = "B749",
      year           = "2015",
      pages          = "242-261",
      doi            = "10.1016/j.physletb.2015.07.069",
      eprint         = "1506.07098",
      archivePrefix  = "arXiv",
      primaryClass   = "hep-ex",
      reportNumber   = "CERN-PH-EP-2015-134",
      SLACcitation   = "%%CITATION = ARXIV:1506.07098;%%"
}


@article{dEnterria:2017qte,
      author         = "d'enterria, David and Martins, Daniel E. and Rebello
                        Teles, Patricia",
      title          = "{Prospects for $\gamma\gamma\to$ Higgs observation in
                        ultraperipheral ion collisions at the Future Circular
                        Collider}",
      year           = "2017",
      eprint         = "1712.10104",
      archivePrefix  = "arXiv",
      primaryClass   = "hep-ph",
      SLACcitation   = "%%CITATION = ARXIV:1712.10104;%%"
}


@article{Aaboud:2017bwk,
      author         = "Aaboud, Morad and others",
      title          = "{Evidence for light-by-light scattering in heavy-ion
                        collisions with the ATLAS detector at the LHC}",
      collaboration  = "ATLAS",
      journal        = "Nature Phys.",
      volume         = "13",
      year           = "2017",
      number         = "9",
      pages          = "852-858",
      doi            = "10.1038/nphys4208",
      eprint         = "1702.01625",
      archivePrefix  = "arXiv",
      primaryClass   = "hep-ex",
      reportNumber   = "CERN-EP-2016-316",
      SLACcitation   = "%%CITATION = ARXIV:1702.01625;%%"
}


@article{CMS-PAS-FSQ-16-012,
      author         = "CMS Collaboration",
      title          = "{Measurement of light-by-light scattering in
                        ultraperipheral PbPb collisions at
                        $\sqrt{s_{\mathrm{NN}}}$ = 5.02 TeV}",
      collaboration  = "CMS",
      year           = "2018",
      reportNumber   = "CMS-PAS-FSQ-16-012",
      SLACcitation   = "%%CITATION = CMS-PAS-FSQ-16-012;%%"
}


@article{d'Enterria:2013yra,
      author         = "d'Enterria, David and da Silveira, Gustavo G.",
      title          = "{Observing light-by-light scattering at the Large Hadron
                        Collider}",
      journal        = "Phys. Rev. Lett.",
      volume         = "111",
      year           = "2013",
      pages          = "080405",
      doi            = "10.1103/PhysRevLett.111.080405,
                        10.1103/PhysRevLett.116.129901",
      note           = "[Erratum: Phys. Rev. Lett.116,no.12,129901(2016)]",
      eprint         = "1305.7142",
      archivePrefix  = "arXiv",
      primaryClass   = "hep-ph",
      SLACcitation   = "%%CITATION = ARXIV:1305.7142;%%"
}


@inproceedings{dEnterria:2016ztx,
      author         = "d'Enterria, David and da Silveira, Gustavo G.",
      title          = "{Measuring light-by-light scattering at the LHC and FCC}",
      booktitle      = "{Proceedings, 16th conference on Elastic and Diffractive
                        Scattering (EDS BLOIS 2015): Borgo, Corsica, France, Jun
                        29 - July 4, 2015}",
      year           = "2016",
      eprint         = "1602.08088",
      archivePrefix  = "arXiv",
      primaryClass   = "hep-ph",
      SLACcitation   = "%%CITATION = ARXIV:1602.08088;%%"
}


@article{Gounaris:1999gh,
      author         = "Gounaris, G. J. and Porfyriadis, P. I. and Renard, F. M.",
      title          = "{The gamma gamma ---> gamma gamma process in the standard
                        and SUSY models at high-energies}",
      journal        = "Eur. Phys. J.",
      volume         = "C9",
      year           = "1999",
      pages          = "673-686",
      doi            = "10.1007/s100529900079",
      eprint         = "hep-ph/9902230",
      archivePrefix  = "arXiv",
      primaryClass   = "hep-ph",
      reportNumber   = "PM-99-04, THES-TP-99-01",
      SLACcitation   = "%%CITATION = HEP-PH/9902230;%%"
}


@article{Ginzburg:1998vb,
      author         = "Ginzburg, I. F. and Schiller, A.",
      title          = "{Search for a heavy magnetic monopole at the Tevatron and
                        CERN LHC}",
      journal        = "Phys. Rev.",
      volume         = "D57",
      year           = "1998",
      pages          = "6599-6603",
      doi            = "10.1103/PhysRevD.57.R6599",
      eprint         = "hep-ph/9802310",
      archivePrefix  = "arXiv",
      primaryClass   = "hep-ph",
      reportNumber   = "UL-NTZ-02-98",
      SLACcitation   = "%%CITATION = HEP-PH/9802310;%%"
}


@article{Bernard:1997kj,
      author         = "Bernard, Denis",
      title          = "{On the potential of light by light scattering for
                        invisible axion detection}",
      booktitle      = "{Axions '98. Proceedings, 5th IFT Workshop, Gainesville,
                        USA, March 13-15, 1998}",
      journal        = "Nuovo Cim.",
      volume         = "A110",
      year           = "1997",
      pages          = "1339-1346",
      note           = "[,201(1997)]",
      reportNumber   = "X-LPNHE-97-12",
      SLACcitation   = "%%CITATION = NUCIA,A110,1339;%%"
}


@article{Kikuchi:2008pr,
      author         = "Kikuchi, Tatsuru and Okada, Nobuchika and Takeuchi,
                        Michihisa",
      title          = "{Unparticle physics at the photon collider}",
      journal        = "Phys. Rev.",
      volume         = "D77",
      year           = "2008",
      pages          = "094012",
      doi            = "10.1103/PhysRevD.77.094012",
      eprint         = "0801.0018",
      archivePrefix  = "arXiv",
      primaryClass   = "hep-ph",
      reportNumber   = "KEK-TH-1202",
      SLACcitation   = "%%CITATION = ARXIV:0801.0018;%%"
}


@article{Cheung:1999ja,
      author         = "Cheung, King-man",
      title          = "{Diphoton signals for low scale gravity in extra
                        dimensions}",
      journal        = "Phys. Rev.",
      volume         = "D61",
      year           = "2000",
      pages          = "015005",
      doi            = "10.1103/PhysRevD.61.015005",
      eprint         = "hep-ph/9904266",
      archivePrefix  = "arXiv",
      primaryClass   = "hep-ph",
      reportNumber   = "UCD-HEP-99-8",
      SLACcitation   = "%%CITATION = HEP-PH/9904266;%%"
}


@article{Hewett:2000zp,
      author         = "Hewett, JoAnne L. and Petriello, Frank J. and Rizzo,
                        Thomas G.",
      title          = "{Signals for noncommutative interactions at linear
                        colliders}",
      journal        = "Phys. Rev.",
      volume         = "D64",
      year           = "2001",
      pages          = "075012",
      doi            = "10.1103/PhysRevD.64.075012",
      eprint         = "hep-ph/0010354",
      archivePrefix  = "arXiv",
      primaryClass   = "hep-ph",
      reportNumber   = "SLAC-PUB-8635, FERMILAB-PUB-00-286-T",
      SLACcitation   = "%%CITATION = HEP-PH/0010354;%%"
}

@article{dEnterria:2018bqi,
      author         = "d'Enterria, David and Loizides, Constantin",
      title          = "{Higgs boson suppression in quark-gluon matter}",
      year           = "2018",
      eprint         = "1809.06832",
      archivePrefix  = "arXiv",
      primaryClass   = "hep-ph",
      SLACcitation   = "%%CITATION = ARXIV:1809.06832;%%"
}