% -- include here the bibtex style bibliography items for your section

@article{GrosseOetringhaus:2009kz,
      author         = "Grosse-Oetringhaus, Jan Fiete and Reygers, Klaus",
      title          = "{Charged-Particle Multiplicity in Proton-Proton
                        Collisions}",
      journal        = "J. Phys.",
      volume         = "G37",
      year           = "2010",
      pages          = "083001",
      doi            = "10.1088/0954-3899/37/8/083001",
      eprint         = "0912.0023",
      archivePrefix  = "arXiv",
      primaryClass   = "hep-ex",
      SLACcitation   = "%%CITATION = ARXIV:0912.0023;%%"
}

@article{ALICE:2017pcy,
      author         = "Acharya, S. and others",
      title          = "{Charged-particle multiplicity distributions over a wide
                        pseudorapidity range in proton-proton collisions at
                        $\sqrt{s}=$ 0.9, 7, and 8 TeV}",
      collaboration  = "ALICE",
      journal        = "Eur. Phys. J.",
      volume         = "C77",
      year           = "2017",
      number         = "12",
      pages          = "852",
      doi            = "10.1140/epjc/s10052-017-5412-6",
      eprint         = "1708.01435",
      archivePrefix  = "arXiv",
      primaryClass   = "hep-ex",
      reportNumber   = "CERN-EP-2017-192",
      SLACcitation   = "%%CITATION = ARXIV:1708.01435;%%"
}

@article{ALICE:2017jyt,
      author         = "Adam, Jaroslav and others",
      title          = "{Enhanced production of multi-strange hadrons in
                        high-multiplicity proton-proton collisions}",
      collaboration  = "ALICE",
      journal        = "Nature Phys.",
      volume         = "13",
      year           = "2017",
      pages          = "535-539",
      doi            = "10.1038/nphys4111",
      eprint         = "1606.07424",
      archivePrefix  = "arXiv",
      primaryClass   = "nucl-ex",
      reportNumber   = "CERN-EP-2016-153",
      SLACcitation   = "%%CITATION = ARXIV:1606.07424;%%"
}