% -- include here the bibtex style bibliography items for your section

%flow decorrelation
@article{Das:2016cwd,
      author         = "Das, Santosh K. and Plumari, Salvatore and Chatterjee,
                        Sandeep and Alam, Jane and Scardina, Francesco and Greco,
                        Vincenzo",
      title          = "{Directed Flow of Charm Quarks as a Witness of the
                        Initial Strong Magnetic Field in Ultra-Relativistic Heavy
                        Ion Collisions}",
      journal        = "Phys. Lett. B",
      volume         = "768",
      year           = "2017",
      pages          = "260",
      doi            = "10.1016/j.physletb.2017.02.046",
      eprint         = "1608.02231",
      archivePrefix  = "arXiv",
      primaryClass   = "nucl-th",
      SLACcitation   = "%%CITATION = ARXIV:1608.02231;%%"
}

@Article{HION-2015-13, 
    author         = "{ATLAS Collaboration}", 
    title          = "{Measurement of forward-backward multiplicity correlations in lead--lead,  proton--lead and proton--proton collisions with the ATLAS detector}", 
    journal        = "Phys. Rev. C", 
    volume         = "95", 
    year           = "2017", 
    pages          = "064914", 
    doi            = "10.1103/PhysRevC.95.064914", 
    eprint         = "1606.08170", 
    archivePrefix  = "arXiv", 
    primaryClass   = "hep-ex", 
}
@Article{HION-2016-04, 
    author         = "{ATLAS Collaboration}", 
    title          = "{Measurement of longitudinal flow de-correlations in Pb+Pb collisions at $\sqrt{s_\mathrm{NN}} = 2.76$ and 5.02 TeV with the ATLAS detector}", 
    year           = "2017", 
    reportNumber   = "CERN-PH-2017-191", 
    eprint         = "1709.02301", 
    archivePrefix  = "arXiv", 
    primaryClass   = "hep-ex", 
}
@Article{CMS-HIN-14-012,                                                                                                                       
    author         = "{CMS Collaboration}",                                                                                                    
    title          = "{Evidence for transverse-momentum- and pseudorapidity-dependent event-plane fluctuations in PbPb and $p$Pb collisions}", 
    journal        = "Phys. Rev. C",                                                                                                           
    volume         = "92",                                                                                                                     
    year           = "2015",                                                                                                                   
    pages          = "034911",                                                                                                                 
    doi            = "10.1103/PhysRevC.92.034911",                                                                                             
    reportNumber   = "CERN-PH-EP-2015-039",                                                                                                    
    eprint         = "1503.01692",                                                                                                             
    archivePrefix  = "arXiv",                                                                                                                  
    primaryClass   = "hep-ex",                                                                                                                 
}  
@Article{CMS-HIN-15-008, 
    author         = "{CMS Collaboration}", 
    title          = "{Pseudorapidity and transverse momentum dependence of flow harmonics in $p$Pb and PbPb collisions}",                     
    year           = "2017",                                                                                                                   
    reportNumber   = "CERN-EP-2017-218",                                                                                                       
    eprint         = "1710.07864",                                                                                                             
    archivePrefix  = "arXiv",                                                                                                                  
    primaryClass   = "hep-ex",                                                                                                                 
}


%light ions
@techreport{ATLAS-CONF-2018-011, 
      author        = "{ATLAS Collaboration}", 
      title         = "{Measurement of the azimuthal anisotropy of charged
                       particle production in Xe+Xe collisions at
                       $\sqrt{s_{\mathrm{NN}}}$=5.44~TeV with the ATLAS detector}", 
      institution   = "CERN", 
      collaboration = "ATLAS Collaboration", 
      address       = "Geneva", 
      number        = "ATLAS-CONF-2018-011", 
      month         = "May", 
      year          = "2018", 
      reportNumber  = "ATLAS-CONF-2018-011", 
      url           = "https://cds.cern.ch/record/2318870", 
}




@article{Bhalerao:2014mua, 
      author         = "Bhalerao,  Rajeev S. and Ollitrault,  Jean-Yves and Pal, 
                        Subrata and Teaney,  Derek", 
      title          = "{Principal component analysis of event-by-event
                        fluctuations}", 
      journal        = "Phys. Rev. Lett.", 
      volume         = "114", 
      year           = "2015", 
      number         = "15", 
      pages          = "152301", 
      doi            = "10.1103/PhysRevLett.114.152301", 
      eprint         = "1410.7739", 
      archivePrefix  = "arXiv", 
      primaryClass   = "nucl-th", 
      reportNumber   = "SACLAY-T14-232", 
      SLACcitation   = "%%CITATION = ARXIV:1410.7739;%%"
}


% ------ macroscopic
@article{Aoki:2006we,
      author         = "Aoki, Y. and Endrodi, G. and Fodor, Z. and Katz, S. D.
                        and Szabo, K. K.",
      title          = "{The Order of the quantum chromodynamics transition
                        predicted by the standard model of particle physics}",
      journal        = "Nature",
      volume         = "443",
      year           = "2006",
      pages          = "675-678",
      doi            = "10.1038/nature05120",
      eprint         = "hep-lat/0611014",
      archivePrefix  = "arXiv",
      primaryClass   = "hep-lat",
      SLACcitation   = "%%CITATION = HEP-LAT/0611014;%%"
}

@article{Steinbrecher:2018phh,
      author         = "Steinbrecher, Patrick",
      title          = "{The QCD crossover at zero and non-zero baryon densities
                        from Lattice QCD}",
      year           = "2018",
      eprint         = "1807.05607",
      archivePrefix  = "arXiv",
      primaryClass   = "hep-lat",
      SLACcitation   = "%%CITATION = ARXIV:1807.05607;%%"
}

@article{Kaczmarek:2011zz,
      author         = "Kaczmarek, O. and Karsch, F. and Laermann, E. and Miao,
                        C. and Mukherjee, S. and Petreczky, P. and Schmidt, C. and
                        Soeldner, W. and Unger, W.",
      title          = "{Phase boundary for the chiral transition in (2+1)
                        -flavor QCD at small values of the chemical potential}",
      journal        = "Phys. Rev.",
      volume         = "D83",
      year           = "2011",
      pages          = "014504",
      doi            = "10.1103/PhysRevD.83.014504",
      eprint         = "1011.3130",
      archivePrefix  = "arXiv",
      primaryClass   = "hep-lat",
      SLACcitation   = "%%CITATION = ARXIV:1011.3130;%%"
}

@article{Endrodi:2011gv,
      author         = "Endrodi, G. and Fodor, Z. and Katz, S. D. and Szabo, K.
                        K.",
      title          = "{The QCD phase diagram at nonzero quark density}",
      journal        = "JHEP",
      volume         = "04",
      year           = "2011",
      pages          = "001",
      doi            = "10.1007/JHEP04(2011)001",
      eprint         = "1102.1356",
      archivePrefix  = "arXiv",
      primaryClass   = "hep-lat",
      SLACcitation   = "%%CITATION = ARXIV:1102.1356;%%"
}

@article{Cea:2014xva,
      author         = "Cea, Paolo and Cosmai, Leonardo and Papa, Alessandro",
      title          = "{Critical line of 2+1 flavor QCD}",
      journal        = "Phys. Rev.",
      volume         = "D89",
      year           = "2014",
      number         = "7",
      pages          = "074512",
      doi            = "10.1103/PhysRevD.89.074512",
      eprint         = "1403.0821",
      archivePrefix  = "arXiv",
      primaryClass   = "hep-lat",
      SLACcitation   = "%%CITATION = ARXIV:1403.0821;%%"
}

@article{Bonati:2014kpa,
      author         = "Bonati, Claudio and de Forcrand, Philippe and D'Elia,
                        Massimo and Philipsen, Owe and Sanfilippo, Francesco",
      title          = "{Chiral phase transition in two-flavor QCD from an
                        imaginary chemical potential}",
      journal        = "Phys. Rev.",
      volume         = "D90",
      year           = "2014",
      number         = "7",
      pages          = "074030",
      doi            = "10.1103/PhysRevD.90.074030",
      eprint         = "1408.5086",
      archivePrefix  = "arXiv",
      primaryClass   = "hep-lat",
      reportNumber   = "CERN-PH-TH-2014-158, IFUP-TH-2014-8",
      SLACcitation   = "%%CITATION = ARXIV:1408.5086;%%"
}

@article{Bonati:2015bha,
      author         = "Bonati, Claudio and D'Elia, Massimo and Mariti, Marco and
                        Mesiti, Michele and Negro, Francesco and Sanfilippo,
                        Francesco",
      title          = "{Curvature of the chiral pseudocritical line in QCD:
                        Continuum extrapolated results}",
      journal        = "Phys. Rev.",
      volume         = "D92",
      year           = "2015",
      number         = "5",
      pages          = "054503",
      doi            = "10.1103/PhysRevD.92.054503",
      eprint         = "1507.03571",
      archivePrefix  = "arXiv",
      primaryClass   = "hep-lat",
      reportNumber   = "IFUP-TH-2015-07",
      SLACcitation   = "%%CITATION = ARXIV:1507.03571;%%"
}

@article{Bellwied:2015rza,
      author         = "Bellwied, R. and Borsanyi, S. and Fodor, Z. and Günther,
                        J. and Katz, S. D. and Ratti, C. and Szabo, K. K.",
      title          = "{The QCD phase diagram from analytic continuation}",
      journal        = "Phys. Lett.",
      volume         = "B751",
      year           = "2015",
      pages          = "559-564",
      doi            = "10.1016/j.physletb.2015.11.011",
      eprint         = "1507.07510",
      archivePrefix  = "arXiv",
      primaryClass   = "hep-lat",
      SLACcitation   = "%%CITATION = ARXIV:1507.07510;%%"
}

@article{Cea:2015cya,
      author         = "Cea, Paolo and Cosmai, Leonardo and Papa, Alessandro",
      title          = "{Critical line of 2+1 flavor QCD: Toward the continuum
                        limit}",
      journal        = "Phys. Rev.",
      volume         = "D93",
      year           = "2016",
      number         = "1",
      pages          = "014507",
      doi            = "10.1103/PhysRevD.93.014507",
      eprint         = "1508.07599",
      archivePrefix  = "arXiv",
      primaryClass   = "hep-lat",
      SLACcitation   = "%%CITATION = ARXIV:1508.07599;%%"
}

@article{Bazavov:2015zja,
      author         = "Bazavov, A. and others",
      title          = "{Curvature of the freeze-out line in heavy ion
                        collisions}",
      journal        = "Phys. Rev.",
      volume         = "D93",
      year           = "2016",
      number         = "1",
      pages          = "014512",
      doi            = "10.1103/PhysRevD.93.014512",
      eprint         = "1509.05786",
      archivePrefix  = "arXiv",
      primaryClass   = "hep-lat",
      SLACcitation   = "%%CITATION = ARXIV:1509.05786;%%"
}

@article{Bonati:2018nut,
      author         = "Bonati, Claudio and D'Elia, Massimo and Negro, Francesco
                        and Sanfilippo, Francesco and Zambello, Kevin",
      title          = "{Curvature of the pseudocritical line in QCD: Taylor
                        expansion matches analytic continuation}",
      year           = "2018",
      eprint         = "1805.02960",
      archivePrefix  = "arXiv",
      primaryClass   = "hep-lat",
      SLACcitation   = "%%CITATION = ARXIV:1805.02960;%%"
}

@article{Moreland:2015dvc,
      author         = "Moreland, J. Scott and Soltz, Ron A.",
      title          = "{Hydrodynamic simulations of relativistic heavy-ion
                        collisions with different lattice quantum chromodynamics
                        calculations of the equation of state}",
      journal        = "Phys. Rev.",
      volume         = "C93",
      year           = "2016",
      number         = "4",
      pages          = "044913",
      doi            = "10.1103/PhysRevC.93.044913",
      eprint         = "1512.02189",
      archivePrefix  = "arXiv",
      primaryClass   = "nucl-th",
      SLACcitation   = "%%CITATION = ARXIV:1512.02189;%%"
}

@article{Huovinen:2009yb,
      author         = "Huovinen, Pasi and Petreczky, Pter",
      title          = "{QCD Equation of State and Hadron Resonance Gas}",
      journal        = "Nucl. Phys.",
      volume         = "A837",
      year           = "2010",
      pages          = "26-53",
      doi            = "10.1016/j.nuclphysa.2010.02.015",
      eprint         = "0912.2541",
      archivePrefix  = "arXiv",
      primaryClass   = "hep-ph",
      SLACcitation   = "%%CITATION = ARXIV:0912.2541;%%"
}

@article{Borsanyi:2013bia,
      author         = "Borsanyi, Szabocls and Fodor, Zoltan and Hoelbling,
                        Christian and Katz, Sandor D. and Krieg, Stefan and Szabo,
                        Kalman K.",
      title          = "{Full result for the QCD equation of state with 2+1
                        flavors}",
      journal        = "Phys. Lett.",
      volume         = "B730",
      year           = "2014",
      pages          = "99-104",
      doi            = "10.1016/j.physletb.2014.01.007",
      eprint         = "1309.5258",
      archivePrefix  = "arXiv",
      primaryClass   = "hep-lat",
      SLACcitation   = "%%CITATION = ARXIV:1309.5258;%%"
}

@article{Bazavov:2014pvz,
      author         = "Bazavov, A. and others",
      title          = "{Equation of state in ( 2+1 )-flavor QCD}",
      collaboration  = "HotQCD",
      journal        = "Phys. Rev.",
      volume         = "D90",
      year           = "2014",
      pages          = "094503",
      doi            = "10.1103/PhysRevD.90.094503",
      eprint         = "1407.6387",
      archivePrefix  = "arXiv",
      primaryClass   = "hep-lat",
      reportNumber   = "BNL-105928-2014-JA",
      SLACcitation   = "%%CITATION = ARXIV:1407.6387;%%"
}

@article{Moreland:2018gsh,
      author         = "Moreland, J. Scott and Bernhard, Jonah E. and Bass,
                        Steffen A.",
      title          = "{Estimating initial state and quark-gluon plasma medium
                        properties using a hybrid model with nucleon substructure
                        calibrated to $p$-Pb and Pb-Pb collisions at
                        $\sqrt{s_\mathrm{NN}}=5.02$ TeV}",
      year           = "2018",
      eprint         = "1808.02106",
      archivePrefix  = "arXiv",
      primaryClass   = "nucl-th",
      SLACcitation   = "%%CITATION = ARXIV:1808.02106;%%"
}

@article{Kolb:2003dz,
      author         = "Kolb, Peter F. and Heinz, Ulrich W.",
      title          = "{Hydrodynamic description of ultrarelativistic heavy ion
                        collisions}",
      year           = "2003",
      pages          = "634-714",
      eprint         = "nucl-th/0305084",
      archivePrefix  = "arXiv",
      primaryClass   = "nucl-th",
      reportNumber   = "SUNY-NTG-03-06",
      SLACcitation   = "%%CITATION = NUCL-TH/0305084;%%"
}

@article{Huovinen:2003fa,
      author         = "Huovinen, Pasi",
      title          = "{Hydrodynamical description of collective flow. Chapter
                        1.}",
      year           = "2003",
      pages          = "600-633",
      doi            = "10.1142/9789812795533_0009",
      eprint         = "nucl-th/0305064",
      archivePrefix  = "arXiv",
      primaryClass   = "nucl-th",
      SLACcitation   = "%%CITATION = NUCL-TH/0305064;%%"
}

@article{Hirano:2002ds,
      author         = "Hirano, Tetsufumi and Tsuda, Keiichi",
      title          = "{Collective flow and two pion correlations from a
                        relativistic hydrodynamic model with early chemical
                        freezeout}",
      journal        = "Phys. Rev.",
      volume         = "C66",
      year           = "2002",
      pages          = "054905",
      doi            = "10.1103/PhysRevC.66.054905",
      eprint         = "nucl-th/0205043",
      archivePrefix  = "arXiv",
      primaryClass   = "nucl-th",
      reportNumber   = "WU-HEP-02-4",
      SLACcitation   = "%%CITATION = NUCL-TH/0205043;%%"
}

@article{Arnold:2003zc,
      author         = "Arnold, Peter Brockway and Moore, Guy D and Yaffe,
                        Laurence G.",
      title          = "{Transport coefficients in high temperature gauge
                        theories. 2. Beyond leading log}",
      journal        = "JHEP",
      volume         = "05",
      year           = "2003",
      pages          = "051",
      doi            = "10.1088/1126-6708/2003/05/051",
      eprint         = "hep-ph/0302165",
      archivePrefix  = "arXiv",
      primaryClass   = "hep-ph",
      SLACcitation   = "%%CITATION = HEP-PH/0302165;%%"
}

@article{Ghiglieri:2018dgf,
      author         = "Ghiglieri, Jacopo and Moore, Guy D. and Teaney, Derek",
      title          = "{Second-order Hydrodynamics in Next-to-Leading-Order
                        QCD}",
      journal        = "Phys. Rev. Lett.",
      volume         = "121",
      year           = "2018",
      number         = "5",
      pages          = "052302",
      doi            = "10.1103/PhysRevLett.121.052302",
      eprint         = "1805.02663",
      archivePrefix  = "arXiv",
      primaryClass   = "hep-ph",
      reportNumber   = "CERN-TH-2018-079, CERN-TH-2018-079",
      SLACcitation   = "%%CITATION = ARXIV:1805.02663;%%"
}

@article{Nakamura:2004sy,
      author         = "Nakamura, Atsushi and Sakai, Sunao",
      title          = "{Transport coefficients of gluon plasma}",
      journal        = "Phys. Rev. Lett.",
      volume         = "94",
      year           = "2005",
      pages          = "072305",
      doi            = "10.1103/PhysRevLett.94.072305",
      eprint         = "hep-lat/0406009",
      archivePrefix  = "arXiv",
      primaryClass   = "hep-lat",
      SLACcitation   = "%%CITATION = HEP-LAT/0406009;%%"
}

@article{Meyer:2007ic,
      author         = "Meyer, Harvey B.",
      title          = "{A Calculation of the shear viscosity in SU(3)
                        gluodynamics}",
      journal        = "Phys. Rev.",
      volume         = "D76",
      year           = "2007",
      pages          = "101701",
      doi            = "10.1103/PhysRevD.76.101701",
      eprint         = "0704.1801",
      archivePrefix  = "arXiv",
      primaryClass   = "hep-lat",
      reportNumber   = "MIT-CTP-3830",
      SLACcitation   = "%%CITATION = ARXIV:0704.1801;%%"
}

@article{Pasztor:2018yae,
      author         = "Borsányi, Sz. and Fodor, Zoltan and Giordano, Matteo and
                        Katz, Sandor D. and Pasztor, Attila and Ratti, Claudia and
                        Schäfer, Andreas and Szabo, Kalman K. and Tóth,
                        Balint C.",
      title          = "{High statistics lattice study of stress tensor
                        correlators in pure $SU(3)$ gauge theory}",
      journal        = "Phys. Rev.",
      volume         = "D98",
      year           = "2018",
      number         = "1",
      pages          = "014512",
      doi            = "10.1103/PhysRevD.98.014512",
      eprint         = "1802.07718",
      archivePrefix  = "arXiv",
      primaryClass   = "hep-lat",
      SLACcitation   = "%%CITATION = ARXIV:1802.07718;%%"
}

@article{Gale:2013da,
      author         = "Gale, Charles and Jeon, Sangyong and Schenke, Bjoern",
      title          = "{Hydrodynamic Modeling of Heavy-Ion Collisions}",
      journal        = "Int. J. Mod. Phys.",
      volume         = "A28",
      year           = "2013",
      pages          = "1340011",
      doi            = "10.1142/S0217751X13400113",
      eprint         = "1301.5893",
      archivePrefix  = "arXiv",
      primaryClass   = "nucl-th",
      SLACcitation   = "%%CITATION = ARXIV:1301.5893;%%"
}

@article{Heinz:2013th,
      author         = "Heinz, Ulrich and Snellings, Raimond",
      title          = "{Collective flow and viscosity in relativistic heavy-ion
                        collisions}",
      journal        = "Ann. Rev. Nucl. Part. Sci.",
      volume         = "63",
      year           = "2013",
      pages          = "123-151",
      doi            = "10.1146/annurev-nucl-102212-170540",
      eprint         = "1301.2826",
      archivePrefix  = "arXiv",
      primaryClass   = "nucl-th",
      SLACcitation   = "%%CITATION = ARXIV:1301.2826;%%"
}

@article{Schenke:2012fw,
      author         = "Schenke, Bjoern and Tribedy, Prithwish and Venugopalan,
                        Raju",
      title          = "{Event-by-event gluon multiplicity, energy density, and
                        eccentricities in ultrarelativistic heavy-ion collisions}",
      journal        = "Phys. Rev.",
      volume         = "C86",
      year           = "2012",
      pages          = "034908",
      doi            = "10.1103/PhysRevC.86.034908",
      eprint         = "1206.6805",
      archivePrefix  = "arXiv",
      primaryClass   = "hep-ph",
      SLACcitation   = "%%CITATION = ARXIV:1206.6805;%%"
}

@article{Schenke:2012wb,
      author         = "Schenke, Bjoern and Tribedy, Prithwish and Venugopalan,
                        Raju",
      title          = "{Fluctuating Glasma initial conditions and flow in heavy
                        ion collisions}",
      journal        = "Phys. Rev. Lett.",
      volume         = "108",
      year           = "2012",
      pages          = "252301",
      doi            = "10.1103/PhysRevLett.108.252301",
      eprint         = "1202.6646",
      archivePrefix  = "arXiv",
      primaryClass   = "nucl-th",
      SLACcitation   = "%%CITATION = ARXIV:1202.6646;%%"
}

@article{Niemi:2015qia,
      author         = "Niemi, H. and Eskola, K. J. and Paatelainen, R.",
      title          = "{Event-by-event fluctuations in a perturbative QCD +
                        saturation + hydrodynamics model: Determining QCD matter
                        shear viscosity in ultrarelativistic heavy-ion
                        collisions}",
      journal        = "Phys. Rev.",
      volume         = "C93",
      year           = "2016",
      number         = "2",
      pages          = "024907",
      doi            = "10.1103/PhysRevC.93.024907",
      eprint         = "1505.02677",
      archivePrefix  = "arXiv",
      primaryClass   = "hep-ph",
      SLACcitation   = "%%CITATION = ARXIV:1505.02677;%%"
}



@article{Ryu:2017qzn,
      author         = "Ryu, Sangwook and Paquet, Jean-François and Shen, Chun
                        and Denicol, Gabriel and Schenke, Björn and Jeon,
                        Sangyong and Gale, Charles",
      title          = "{Effects of bulk viscosity and hadronic rescattering in
                        heavy ion collisions at energies available at the BNL
                        Relativistic Heavy Ion Collider and at the CERN Large
                        Hadron Collider}",
      journal        = "Phys. Rev.",
      volume         = "C97",
      year           = "2018",
      number         = "3",
      pages          = "034910",
      doi            = "10.1103/PhysRevC.97.034910",
      eprint         = "1704.04216",
      archivePrefix  = "arXiv",
      primaryClass   = "nucl-th",
      SLACcitation   = "%%CITATION = ARXIV:1704.04216;%%"
}

@article{Denicol:2009am,
      author         = "Denicol, G. S. and Kodama, T. and Koide, T. and Mota,
                        Ph.",
      title          = "{Effect of bulk viscosity on Elliptic Flow near QCD phase
                        transition}",
      journal        = "Phys. Rev.",
      volume         = "C80",
      year           = "2009",
      pages          = "064901",
      doi            = "10.1103/PhysRevC.80.064901",
      eprint         = "0903.3595",
      archivePrefix  = "arXiv",
      primaryClass   = "hep-ph",
      SLACcitation   = "%%CITATION = ARXIV:0903.3595;%%"
}

@article{Karsch:2007jc,
      author         = "Karsch, Frithjof and Kharzeev, Dmitri and Tuchin, Kirill",
      title          = "{Universal properties of bulk viscosity near the QCD
                        phase transition}",
      journal        = "Phys. Lett.",
      volume         = "B663",
      year           = "2008",
      pages          = "217-221",
      doi            = "10.1016/j.physletb.2008.01.080",
      eprint         = "0711.0914",
      archivePrefix  = "arXiv",
      primaryClass   = "hep-ph",
      reportNumber   = "BNL-NT-07-47, RBRC-703",
      SLACcitation   = "%%CITATION = ARXIV:0711.0914;%%"
}

@article{NoronhaHostler:2008ju,
      author         = "Noronha-Hostler, Jacquelyn and Noronha, Jorge and
                        Greiner, Carsten",
      title          = "{Transport Coefficients of Hadronic Matter near T(c)}",
      journal        = "Phys. Rev. Lett.",
      volume         = "103",
      year           = "2009",
      pages          = "172302",
      doi            = "10.1103/PhysRevLett.103.172302",
      eprint         = "0811.1571",
      archivePrefix  = "arXiv",
      primaryClass   = "nucl-th",
      SLACcitation   = "%%CITATION = ARXIV:0811.1571;%%"
}

@inproceedings{Schenke:2018fci,
      author         = "Schenke, Björn and Shen, Chun and Tribedy, Prithwish",
      title          = "{Features of the IP-Glasma}",
      booktitle      = "{27th International Conference on Ultrarelativistic
                        Nucleus-Nucleus Collisions (Quark Matter 2018) Venice,
                        Italy, May 14-19, 2018}",
      year           = "2018",
      eprint         = "1807.05205",
      archivePrefix  = "arXiv",
      primaryClass   = "nucl-th",
      SLACcitation   = "%%CITATION = ARXIV:1807.05205;%%"
}

@article{Bozek:2009dw,
      author         = "Bozek, Piotr",
      title          = "{Bulk and shear viscosities of matter created in
                        relativistic heavy-ion collisions}",
      journal        = "Phys. Rev.",
      volume         = "C81",
      year           = "2010",
      pages          = "034909",
      doi            = "10.1103/PhysRevC.81.034909",
      eprint         = "0911.2397",
      archivePrefix  = "arXiv",
      primaryClass   = "nucl-th",
      SLACcitation   = "%%CITATION = ARXIV:0911.2397;%%"
}

@article{Paquet:2015lta,
      author         = "Paquet, Jean-François and Shen, Chun and Denicol,
                        Gabriel S. and Luzum, Matthew and Schenke, Björn and
                        Jeon, Sangyong and Gale, Charles",
      title          = "{Production of photons in relativistic heavy-ion
                        collisions}",
      journal        = "Phys. Rev.",
      volume         = "C93",
      year           = "2016",
      number         = "4",
      pages          = "044906",
      doi            = "10.1103/PhysRevC.93.044906",
      eprint         = "1509.06738",
      archivePrefix  = "arXiv",
      primaryClass   = "hep-ph",
      SLACcitation   = "%%CITATION = ARXIV:1509.06738;%%"
}

@article{Finazzo:2014cna,
      author         = "Finazzo, Stefano I. and Rougemont, Romulo and Marrochio,
                        Hugo and Noronha, Jorge",
      title          = "{Hydrodynamic transport coefficients for the
                        non-conformal quark-gluon plasma from holography}",
      journal        = "JHEP",
      volume         = "02",
      year           = "2015",
      pages          = "051",
      doi            = "10.1007/JHEP02(2015)051",
      eprint         = "1412.2968",
      archivePrefix  = "arXiv",
      primaryClass   = "hep-ph",
      SLACcitation   = "%%CITATION = ARXIV:1412.2968;%%"
}

@article{Meyer:2007dy,
      author         = "Meyer, Harvey B.",
      title          = "{A Calculation of the bulk viscosity in SU(3)
                        gluodynamics}",
      journal        = "Phys. Rev. Lett.",
      volume         = "100",
      year           = "2008",
      pages          = "162001",
      doi            = "10.1103/PhysRevLett.100.162001",
      eprint         = "0710.3717",
      archivePrefix  = "arXiv",
      primaryClass   = "hep-lat",
      reportNumber   = "MIT-CTP-3881",
      SLACcitation   = "%%CITATION = ARXIV:0710.3717;%%"
}

@article{Horsley:1985dz,
      author         = "Horsley, Roger and Schoenmaker, Wim",
      title          = "{Quantum Field Theories Out of Thermal Equilibrium. 1.
                        General Considerations}",
      journal        = "Nucl. Phys.",
      volume         = "B280",
      year           = "1987",
      pages          = "716-734",
      doi            = "10.1016/0550-3213(87)90170-2",
      reportNumber   = "Print-85-0401-Rev.(KAISERSLAUTERN), PRINT-85-0401
                        (KAISERSLAUTERN)",
      SLACcitation   = "%%CITATION = NUPHA,B280,716;%%"
}

@article{Arnold:2006fz,
      author         = "Arnold, Peter Brockway and Dogan, Caglar and Moore, Guy
                        D.",
      title          = "{The Bulk Viscosity of High-Temperature QCD}",
      journal        = "Phys. Rev.",
      volume         = "D74",
      year           = "2006",
      pages          = "085021",
      doi            = "10.1103/PhysRevD.74.085021",
      eprint         = "hep-ph/0608012",
      archivePrefix  = "arXiv",
      primaryClass   = "hep-ph",
      SLACcitation   = "%%CITATION = HEP-PH/0608012;%%"
}


@article{Buchel:2007mf,
      author         = "Buchel, Alex",
      title          = "{Bulk viscosity of gauge theory plasma at strong
                        coupling}",
      journal        = "Phys. Lett.",
      volume         = "B663",
      year           = "2008",
      pages          = "286-289",
      doi            = "10.1016/j.physletb.2008.03.069",
      eprint         = "0708.3459",
      archivePrefix  = "arXiv",
      primaryClass   = "hep-th",
      reportNumber   = "UWO-TH-07-15",
      SLACcitation   = "%%CITATION = ARXIV:0708.3459;%%"
}

@article{Kharzeev:2007wb,
      author         = "Kharzeev, Dmitri and Tuchin, Kirill",
      title          = "{Bulk viscosity of QCD matter near the critical
                        temperature}",
      journal        = "JHEP",
      volume         = "09",
      year           = "2008",
      pages          = "093",
      doi            = "10.1088/1126-6708/2008/09/093",
      eprint         = "0705.4280",
      archivePrefix  = "arXiv",
      primaryClass   = "hep-ph",
      reportNumber   = "BNL-NT-07-23, RBRC-681",
      SLACcitation   = "%%CITATION = ARXIV:0705.4280;%%"
}

@article{Gardim:2017ruc,
      author         = "Gardim, Fernando G. and Grassi, Frédérique and Ishida,
                        Pedro and Luzum, Matthew and Magalhães, Pablo S. and
                        Noronha-Hostler, Jacquelyn",
      title          = "{Sensitivity of observables to coarse-graining size in
                        heavy-ion collisions}",
      journal        = "Phys. Rev.",
      volume         = "C97",
      year           = "2018",
      number         = "6",
      pages          = "064919",
      doi            = "10.1103/PhysRevC.97.064919",
      eprint         = "1712.03912",
      archivePrefix  = "arXiv",
      primaryClass   = "nucl-th",
      SLACcitation   = "%%CITATION = ARXIV:1712.03912;%%"
}

@article{Gale:2012rq,
      author         = "Gale, Charles and Jeon, Sangyong and Schenke, Björn and
                        Tribedy, Prithwish and Venugopalan, Raju",
      title          = "{Event-by-event anisotropic flow in heavy-ion collisions
                        from combined Yang-Mills and viscous fluid dynamics}",
      journal        = "Phys. Rev. Lett.",
      volume         = "110",
      year           = "2013",
      number         = "1",
      pages          = "012302",
      doi            = "10.1103/PhysRevLett.110.012302",
      eprint         = "1209.6330",
      archivePrefix  = "arXiv",
      primaryClass   = "nucl-th",
      SLACcitation   = "%%CITATION = ARXIV:1209.6330;%%"
}

@article{Mantysaari:2016ykx,
      author         = "Mäntysaari, Heikki and Schenke, Björn",
      title          = "{Evidence of strong proton shape fluctuations from
                        incoherent diffraction}",
      journal        = "Phys. Rev. Lett.",
      volume         = "117",
      year           = "2016",
      number         = "5",
      pages          = "052301",
      doi            = "10.1103/PhysRevLett.117.052301",
      eprint         = "1603.04349",
      archivePrefix  = "arXiv",
      primaryClass   = "hep-ph",
      SLACcitation   = "%%CITATION = ARXIV:1603.04349;%%"
}

@article{Schenke:2014zha,
      author         = "Schenke, Bjoern and Venugopalan, Raju",
      title          = "{Eccentric protons? Sensitivity of flow to system size
                        and shape in p+p, p+Pb and Pb+Pb collisions}",
      journal        = "Phys. Rev. Lett.",
      volume         = "113",
      year           = "2014",
      pages          = "102301",
      doi            = "10.1103/PhysRevLett.113.102301",
      eprint         = "1405.3605",
      archivePrefix  = "arXiv",
      primaryClass   = "nucl-th",
      SLACcitation   = "%%CITATION = ARXIV:1405.3605;%%"
}

@article{Mantysaari:2017cni,
      author         = "Mäntysaari, Heikki and Schenke, Björn and Shen, Chun
                        and Tribedy, Prithwish",
      title          = "{Imprints of fluctuating proton shapes on flow in
                        proton-lead collisions at the LHC}",
      journal        = "Phys. Lett.",
      volume         = "B772",
      year           = "2017",
      pages          = "681-686",
      doi            = "10.1016/j.physletb.2017.07.038",
      eprint         = "1705.03177",
      archivePrefix  = "arXiv",
      primaryClass   = "nucl-th",
      SLACcitation   = "%%CITATION = ARXIV:1705.03177;%%"
}

@article{Weller:2017tsr,
      author         = "Weller, Ryan D. and Romatschke, Paul",
      title          = "{One fluid to rule them all: viscous hydrodynamic
                        description of event-by-event central p+p, p+Pb and Pb+Pb
                        collisions at $\sqrt{s}=5.02$ TeV}",
      journal        = "Phys. Lett.",
      volume         = "B774",
      year           = "2017",
      pages          = "351-356",
      doi            = "10.1016/j.physletb.2017.09.077",
      eprint         = "1701.07145",
      archivePrefix  = "arXiv",
      primaryClass   = "nucl-th",
      SLACcitation   = "%%CITATION = ARXIV:1701.07145;%%"
}

@article{Kurkela:2018vqr,
      author         = "Kurkela, Aleksi and Mazeliauskas, Aleksas and Paquet,
                        Jean-François and Schlichting, Sören and Teaney, Derek",
      title          = "{Effective kinetic description of event-by-event
                        pre-equilibrium dynamics in high-energy heavy-ion
                        collisions}",
      year           = "2018",
      eprint         = "1805.00961",
      archivePrefix  = "arXiv",
      primaryClass   = "hep-ph",
      SLACcitation   = "%%CITATION = ARXIV:1805.00961;%%"
}

@article{Kurkela:2018wud,
      author         = "Kurkela, Aleksi and Mazeliauskas, Aleksas and Paquet,
                        Jean-François and Schlichting, Sören and Teaney, Derek",
      title          = "{Matching the non-equilibrium initial stage of heavy ion
                        collisions to hydrodynamics with QCD kinetic theory}",
      year           = "2018",
      eprint         = "1805.01604",
      archivePrefix  = "arXiv",
      primaryClass   = "hep-ph",
      SLACcitation   = "%%CITATION = ARXIV:1805.01604;%%"
}

@article{AHEP-2014-193039-2014,
      author         = "Zhong, Yang and Yang, Chun-Bin and Cai, Xu and Feng, Sheng-Qin",
      title          = "{A systematic study of magnetic field in relativistic heavy-ion
collisions in the RHIC and LHC energy regions}",
      journal        = "Adv. High Energy Phys.",
      volume         = "2014",
      year           = "2014",
      number         = "",
      pages          = "193039",
      doi            = "10.1155/2014/193039",
      eprint         = "1408.5694",
      archivePrefix  = "arXiv",
      primaryClass   = "hep-ph",
}

@article{JPCS-668-012129-2016,
      author         = "Okorokov, V. and Parfenov, P.",
      title          = "{Particle correlators and possible local parity violation
in nuclear collisions}",
      journal        = "J. Phys. Conf. Ser.",
      volume         = "668",
      year           = "2016",
      number         = "",
      pages          = "012129",
      doi            = "10.1088/1742-6596/668/1/012129",
}

@article{JPCS-675-022021-2016,
      author         = "Okorokov, V. and Parfenov, P.",
      title          = "{Charge-dependent azimuthal correlations of
secondary particles in heavy ion collisions}",
      journal        = "J. Phys. Conf. Ser.",
      volume         = "675",
      year           = "2016",
      number         = "",
      pages          = "022021",
      doi            = "10.1088/1742-6596/675/2/022021",
}

@article{NPA-904-905-573c-2013,
      author         = "Wilde, Martin",
      title          = "{Measurement of direct photons in pp and Pb-Pb collisions with
ALICE}",
      journal        = "Nucl. Phys. A",
      volume         = "904-905",
      year           = "2013",
      number         = "",
      pages          = "573c",
      doi            = "10.1016/j.nuclphysa.2013.02.079",
      eprint         = "1210.5958",
      archivePrefix  = "arXiv",
      primaryClass   = "hep-ex",
}

@article{PRC-95-054902-2017,
      author         = "Becattini, Francesco and Karpenko, Iurii and Lisa, Michael Annan
      and Upsal, Isaac and Voloshin, Sergei A.",
      title          = "{Global hyperon polarization at local thermodynamic equilibrium with vorticity,
magnetic field, and feed-down}",
      journal        = "Phys. Rev. C",
      volume         = "95",
      year           = "2017",
      number         = "5",
      pages          = "054902",
      doi            = "10.1103/PhysRevC.95.054902",
      eprint         = "1610.02506",
      archivePrefix  = "arXiv",
      primaryClass   = "nucl-th",
}

@article{AHEP-2013-490495-2013,
      author         = "Tuchin, Kirill",
      title          = "{Particle production in strong electromagnetic fields in
relativistic heavy-ion collisions}",
      journal        = "Adv. High Energy Phys.",
      volume         = "2013",
      year           = "2013",
      number         = "",
      pages          = "490495",
      doi            = "10.1155/2013/490495",
      eprint         = "1301.0099",
      archivePrefix  = "arXiv",
      primaryClass   = "hep-ph",
}

@article{IJMPE-22-1350041-2013,
      author         = "Okorokov, V.A.",
      title          = "{Dependence of asymmetries for charge distribution with respect
      to the reaction plane on initial energy in heavy-ion collisions}",
      journal        = "Int. J. Mod. Phys. E",
      volume         = "22",
      year           = "2013",
      number         = "6",
      pages          = "1350041",
      doi            = "10.1142/S0218301313500419",
      eprint         = "1301.0880",
      archivePrefix  = "arXiv",
      primaryClass   = "nucl-ex",
}

@article{Gursoy:2014aka,
      author         = "Gursoy, Umut and Kharzeev, Dmitri and Rajagopal, Krishna",
      title          = "{Magnetohydrodynamics, charged currents and directed flow
                        in heavy ion collisions}",
      journal        = "Phys. Rev.",
      volume         = "C89",
      year           = "2014",
      number         = "5",
      pages          = "054905",
      doi            = "10.1103/PhysRevC.89.054905",
      eprint         = "1401.3805",
      archivePrefix  = "arXiv",
      primaryClass   = "hep-ph",
      SLACcitation   = "%%CITATION = ARXIV:1401.3805;%%"
}

@article{Abelev:2007zk,
      author         = "Abelev, B. I. and others",
      title          = "{Global polarization measurement in Au+Au collisions}",
      collaboration  = "STAR",
      journal        = "Phys. Rev.",
      volume         = "C76",
      year           = "2007",
      pages          = "024915",
      doi            = "10.1103/PhysRevC.95.039906, 10.1103/PhysRevC.76.024915",
      note           = "[Erratum: Phys. Rev.C95,no.3,039906(2017)]",
      eprint         = "0705.1691",
      archivePrefix  = "arXiv",
      primaryClass   = "nucl-ex",
      reportNumber   = "STAR-05-11-2007",
      SLACcitation   = "%%CITATION = ARXIV:0705.1691;%%"
}

@article{STAR:2017ckg,
      author         = "Adamczyk, L. and others",
      title          = "{Global $\Lambda$ hyperon polarization in nuclear
                        collisions: evidence for the most vortical fluid}",
      collaboration  = "STAR",
      journal        = "Nature",
      volume         = "548",
      year           =  "2017",
      pages          = "62",
      doi            = "10.1038/nature23004",
      eprint         = "1701.06657",
      archivePrefix  = "arXiv",
      primaryClass   = "nucl-ex",
      SLACcitation   = "%%CITATION = ARXIV:1701.06657;%%"
}

@article{Voloshin:ICPPA2,
	author = "S. Voloshin", 
	title      = "{Vorticity in heavy ion collisions: global polarization, directed flow, CVE, and more}",
	url       = {https://indico.particle.mephi.ru/event/4/}
}

@article{Acharya:2017fau,
      author         = "Acharya, Shreyasi and others",
      title          = "{Constraining the magnitude of the Chiral Magnetic Effect
                        with Event Shape Engineering in Pb-Pb collisions at
                        $\sqrt{s_\mathrm{NN}}$ = 2.76 TeV}",
      collaboration  = "ALICE",
      journal        = "Phys. Lett.",
      volume         = "B777",
      year           = "2018",
      pages          = "151-162",
      doi            = "10.1016/j.physletb.2017.12.021",
      eprint         = "1709.04723",
      archivePrefix  = "arXiv",
      primaryClass   = "nucl-ex",
      reportNumber   = "CERN-EP-2017-241",
      SLACcitation   = "%%CITATION = ARXIV:1709.04723;%%"
}

@article{Lee:1973iz,
      author         = "Lee, T. D.",
      title          = "{A Theory of Spontaneous T Violation}",
      journal        = "Phys. Rev.",
      volume         = "D8",
      year           = "1973",
      pages          = "1226-1239",
      doi            = "10.1103/PhysRevD.8.1226",
      SLACcitation   = "%%CITATION = PHRVA,D8,1226;%%"
}

@article{Lee:1974ma,
      author         = "Lee, T. D. and Wick, G. C.",
      title          = "{Vacuum Stability and Vacuum Excitation in a Spin 0 Field
                        Theory}",
      journal        = "Phys. Rev.",
      volume         = "D9",
      year           = "1974",
      pages          = "2291-2316",
      doi            = "10.1103/PhysRevD.9.2291",
      reportNumber   = "CO-2271-20",
      SLACcitation   = "%%CITATION = PHRVA,D9,2291;%%"
}

@article{Morley:1983wr,
      author         = "Morley, P. D. and Schmidt, I. A.",
      title          = "{Strong P, {CP}, T Violations in Heavy Ion Collisions}",
      journal        = "Z. Phys.",
      volume         = "C26",
      year           = "1985",
      pages          = "627",
      doi            = "10.1007/BF01551807",
      reportNumber   = "USM-TH-07",
      SLACcitation   = "%%CITATION = ZEPYA,C26,627;%%"
}

@article{Kharzeev:1998kz,
      author         = "Kharzeev, Dmitri and Pisarski, R. D. and Tytgat, Michel
                        H. G.",
      title          = "{Possibility of spontaneous parity violation in hot QCD}",
      journal        = "Phys. Rev. Lett.",
      volume         = "81",
      year           = "1998",
      pages          = "512-515",
      doi            = "10.1103/PhysRevLett.81.512",
      eprint         = "hep-ph/9804221",
      archivePrefix  = "arXiv",
      primaryClass   = "hep-ph",
      reportNumber   = "BNL-HET-98-14, BNL-NT-98-1",
      SLACcitation   = "%%CITATION = HEP-PH/9804221;%%"
}

@article{Chern:1974ft,
      author         = "Chern, Shiin-Shen and Simons, James",
      title          = "{Characteristic forms and geometric invariants}",
      journal        = "Annals Math.",
      volume         = "99",
      year           = "1974",
      pages          = "48-69",
      doi            = "10.2307/1971013",
      SLACcitation   = "%%CITATION = ANMAA,99,48;%%"
}

@article{Deng:2012pc,
      author         = "Deng, Wei-Tian and Huang, Xu-Guang",
      title          = "{Event-by-event generation of electromagnetic fields in
                        heavy-ion collisions}",
      journal        = "Phys. Rev.",
      volume         = "C85",
      year           = "2012",
      pages          = "044907",
      doi            = "10.1103/PhysRevC.85.044907",
      eprint         = "1201.5108",
      archivePrefix  = "arXiv",
      primaryClass   = "nucl-th",
      SLACcitation   = "%%CITATION = ARXIV:1201.5108;%%"
}

@article{Kharzeev:2004ey,
      author         = "Kharzeev, Dmitri",
      title          = "{Parity violation in hot QCD: Why it can happen, and how
                        to look for it}",
      journal        = "Phys. Lett.",
      volume         = "B633",
      year           = "2006",
      pages          = "260-264",
      doi            = "10.1016/j.physletb.2005.11.075",
      eprint         = "hep-ph/0406125",
      archivePrefix  = "arXiv",
      primaryClass   = "hep-ph",
      reportNumber   = "BNL-NT-04-21",
      SLACcitation   = "%%CITATION = HEP-PH/0406125;%%"
}

@article{Kharzeev:2007tn,
      author         = "Kharzeev, D. and Zhitnitsky, A.",
      title          = "{Charge separation induced by P-odd bubbles in QCD
                        matter}",
      journal        = "Nucl. Phys.",
      volume         = "A797",
      year           = "2007",
      pages          = "67-79",
      doi            = "10.1016/j.nuclphysa.2007.10.001",
      eprint         = "0706.1026",
      archivePrefix  = "arXiv",
      primaryClass   = "hep-ph",
      reportNumber   = "BNL-NT-07-24",
      SLACcitation   = "%%CITATION = ARXIV:0706.1026;%%"
}

@article{Kharzeev:2007jp,
      author         = "Kharzeev, Dmitri E. and McLerran, Larry D. and Warringa,
                        Harmen J.",
      title          = "{The Effects of topological charge change in heavy ion
                        collisions: 'Event by event P and CP violation'}",
      journal        = "Nucl. Phys.",
      volume         = "A803",
      year           = "2008",
      pages          = "227-253",
      doi            = "10.1016/j.nuclphysa.2008.02.298",
      eprint         = "0711.0950",
      archivePrefix  = "arXiv",
      primaryClass   = "hep-ph",
      SLACcitation   = "%%CITATION = ARXIV:0711.0950;%%"
}

@article{Fukushima:2008xe,
      author         = "Fukushima, Kenji and Kharzeev, Dmitri E. and Warringa,
                        Harmen J.",
      title          = "{The Chiral Magnetic Effect}",
      journal        = "Phys. Rev.",
      volume         = "D78",
      year           = "2008",
      pages          = "074033",
      doi            = "10.1103/PhysRevD.78.074033",
      eprint         = "0808.3382",
      archivePrefix  = "arXiv",
      primaryClass   = "hep-ph",
      SLACcitation   = "%%CITATION = ARXIV:0808.3382;%%"
}

@article{Voloshin:2004vk,
      author         = "Voloshin, Sergei A.",
      title          = "{Parity violation in hot QCD: How to detect it}",
      journal        = "Phys. Rev.",
      volume         = "C70",
      year           = "2004",
      pages          = "057901",
      doi            = "10.1103/PhysRevC.70.057901",
      eprint         = "hep-ph/0406311",
      archivePrefix  = "arXiv",
      primaryClass   = "hep-ph",
      SLACcitation   = "%%CITATION = HEP-PH/0406311;%%"
}

@article{Schlichting:2010qia,
      author         = "Schlichting, Soren and Pratt, Scott",
      title          = "{Charge conservation at energies available at the BNL
                        Relativistic Heavy Ion Collider and contributions to local
                        parity violation observables}",
      journal        = "Phys. Rev.",
      volume         = "C83",
      year           = "2011",
      pages          = "014913",
      doi            = "10.1103/PhysRevC.83.014913",
      eprint         = "1009.4283",
      archivePrefix  = "arXiv",
      primaryClass   = "nucl-th",
      SLACcitation   = "%%CITATION = ARXIV:1009.4283;%%"
}

@article{Pratt:2010zn,
      author         = "Pratt, Scott and Schlichting, Soeren and Gavin, Sean",
      title          = "{Effects of Momentum Conservation and Flow on Angular
                        Correlations at RHIC}",
      journal        = "Phys. Rev.",
      volume         = "C84",
      year           = "2011",
      pages          = "024909",
      doi            = "10.1103/PhysRevC.84.024909",
      eprint         = "1011.6053",
      archivePrefix  = "arXiv",
      primaryClass   = "nucl-th",
      SLACcitation   = "%%CITATION = ARXIV:1011.6053;%%"
}

@article{Sirunyan:2017quh,
      author         = "Sirunyan, Albert M and others",
      title          = "{Constraints on the chiral magnetic effect using
                        charge-dependent azimuthal correlations in $p\mathrm{Pb}$
                        and PbPb collisions at the CERN Large Hadron Collider}",
      collaboration  = "CMS",
      journal        = "Phys. Rev.",
      volume         = "C97",
      year           = "2018",
      number         = "4",
      pages          = "044912",
      doi            = "10.1103/PhysRevC.97.044912",
      eprint         = "1708.01602",
      archivePrefix  = "arXiv",
      primaryClass   = "nucl-ex",
      reportNumber   = "CMS-HIN-17-001, CERN-EP-2017-193",
      SLACcitation   = "%%CITATION = ARXIV:1708.01602;%%"
}

@article{Schukraft:2012ah,
      author         = "Schukraft, Jurgen and Timmins, Anthony and Voloshin,
                        Sergei A.",
      title          = "{Ultra-relativistic nuclear collisions: event shape
                        engineering}",
      journal        = "Phys. Lett.",
      volume         = "B719",
      year           = "2013",
      pages          = "394-398",
      doi            = "10.1016/j.physletb.2013.01.045",
      eprint         = "1208.4563",
      archivePrefix  = "arXiv",
      primaryClass   = "nucl-ex",
      SLACcitation   = "%%CITATION = ARXIV:1208.4563;%%"
}

@inproceedings{Margutti:2017lup,
      author         = "Margutti, Jacopo",
      title          = "{The search for magnetic-induced charged currents in
                        Pb--Pb collisions with ALICE}",
      booktitle      = "{12th Workshop on Particle Correlations and Femtoscopy
                        (WPCF 2017) Amsterdam, Netherdands, June 12-16, 2017}",
      collaboration  = "ALICE",
      year           = "2017",
      eprint         = "1709.05618",
      archivePrefix  = "arXiv",
      primaryClass   = "nucl-ex",
      SLACcitation   = "%%CITATION = ARXIV:1709.05618;%%"
}

@article{Khachatryan:2016got,
      author         = "Khachatryan, Vardan and others",
      title          = "{Observation of charge-dependent azimuthal correlations
                        in $p$-Pb collisions and its implication for the search
                        for the chiral magnetic effect}",
      collaboration  = "CMS",
      journal        = "Phys. Rev. Lett.",
      volume         = "118",
      year           = "2017",
      pages          = "122301",
      doi            = "10.1103/PhysRevLett.118.122301",
      eprint         = "1610.00263",
      archivePrefix  = "arXiv",
      primaryClass   = "nucl-ex",
      reportNumber   = "CMS-HIN-16-009, CERN-EP-2016-236",
      SLACcitation   = "%%CITATION = ARXIV:1610.00263;%%"
}