% -- include here the bibtex style bibliography items for your section

%%% WA98 %%%
@article{Aggarwal:2000th,
	Archiveprefix = {arXiv},
	Author = {Aggarwal, M. M. and others},
	Collaboration = {WA98},
	Doi = {10.1103/PhysRevLett.85.3595},
	Eprint = {nucl-ex/0006008},
	Journal = {Phys. Rev. Lett.},
	Pages = {3595},
	Primaryclass = {nucl-ex},
	Slaccitation = {%%CITATION = NUCL-EX/0006008;%%},
	Title = {{Observation of direct photons in central 158~AGeV $^{208}$Pb + $^{208}$Pb collisions}},
	Volume = {85},
	Year = {2000}}

@article{Peitzmann:2001mz,
      author         = "Peitzmann, Thomas and Thoma, Markus H.",
      title          = "{Direct photons from relativistic heavy ion collisions}",
      journal        = "Phys. Rept.",
      volume         = "364",
      year           = "2002",
      pages          = "175-246",
      doi            = "10.1016/S0370-1573(02)00012-1",
      eprint         = "hep-ph/0111114",
      archivePrefix  = "arXiv",
      primaryClass   = "hep-ph",
      SLACcitation   = "%%CITATION = HEP-PH/0111114;%%"
}

@article{Turbide:2003si,
	Archiveprefix = {arXiv},
	Author = {Turbide, Simon and Rapp, Ralf and Gale, Charles},
	Doi = {10.1103/PhysRevC.69.014903},
	Eprint = {hep-ph/0308085},
	Journal = {Phys. Rev. C},
	Pages = {014903},
	Primaryclass = {hep-ph},
	Reportnumber = {NORDITA-2003-51-NP},
	Slaccitation = {%%CITATION = HEP-PH/0308085;%%},
	Title = {{Hadronic production of thermal photons}},
	Volume = {69},
	Year = {2004}}

%%% CERES %%%
@article{Agakishiev:1995xb,
	Author = {Agakichiev, G. and others},
	Collaboration = {CERES},
	Doi = {10.1103/PhysRevLett.75.1272},
	Journal = {Phys. Rev. Lett.},
	Pages = {1272-1275},
	Reportnumber = {CERN-PPE-95-026, CERN-PPE-95-26},
	Slaccitation = {%%CITATION = PRLTA,75,1272;%%},
	Title = {{Enhanced production of low mass electron pairs in 200~GeV/nucleon S--Au collisions at the CERN Super Proton Synchrotron}},
	Volume = {75},
	Year = {1995}}

@article{Agakishiev:1997au,
	Archiveprefix = {arXiv},
	Author = {Agakishiev, G. and others},
	Collaboration = {CERES},
	Doi = {10.1016/S0370-2693(98)00083-5},
	Eprint = {nucl-ex/9712008},
	Journal = {Phys. Lett. B},
	Pages = {405-412},
	Primaryclass = {nucl-ex},
	Slaccitation = {%%CITATION = NUCL-EX/9712008;%%},
	Title = {{Low mass \Pepem pair production in 158~AGeV Pb--Au collisions at the CERN SPS, its dependence on multiplicity and transverse momentum}},
	Volume = {422},
	Year = {1998}}

@article{Adamova:2002kf,
      author         = "Adamova, D. and others",
      title          = "{Enhanced production of low mass electron pairs in
                        40-AGeV Pb - Au collisions at the CERN SPS}",
      collaboration  = "CERES/NA45",
      journal        = "Phys. Rev. Lett.",
      volume         = "91",
      year           = "2003",
      pages          = "042301",
      doi            = "10.1103/PhysRevLett.91.042301",
      eprint         = "nucl-ex/0209024",
      archivePrefix  = "arXiv",
      primaryClass   = "nucl-ex",
      SLACcitation   = "%%CITATION = NUCL-EX/0209024;%%"
}
@article{Agakichiev:2005ai,
	Archiveprefix = {arXiv},
	Author = {Agakichiev, G. and others},
	Collaboration = {CERES},
	Doi = {10.1140/epjc/s2005-02272-3},
	Eprint = {nucl-ex/0506002},
	Journal = {Eur. Phys. J. C},
	Pages = {475-513},
	Primaryclass = {nucl-ex},
	Slaccitation = {%%CITATION = NUCL-EX/0506002;%%},
	Title = {{\Pepem-pair production in Pb--Au collisions at 158~GeV per nucleon}},
	Volume = {41},
	Year = {2005}}

@article{Adamova:2006nu,
	Archiveprefix = {arXiv},
	Author = {Adamova, D. and others},
	Collaboration = {CERES},
	Doi = {10.1016/j.physletb.2008.07.104},
	Eprint = {nucl-ex/0611022},
	Journal = {Phys. Lett. B},
	Pages = {425},
	Primaryclass = {nucl-ex},
	Slaccitation = {%%CITATION = NUCL-EX/0611022;%%},
	Title = {{Modification of the $\rho$ meson detected by low-mass electron--positron pairs in central Pb--Au collisions at 158~AGeV/$c$}},
	Volume = {666},
	Year = {2008}}


%%% NA60 %%%
@article{Arnaldi:2007ru,
	Archiveprefix = {arXiv},
	Author = {Arnaldi, R. and others},
	Collaboration = {NA60},
	Doi = {10.1103/PhysRevLett.100.022302},
	Eprint = {0711.1816},
	Journal = {Phys. Rev. Lett.},
	Pages = {022302},
    Primaryclass = {nucl-ex},
	Slaccitation = {%%CITATION = ARXIV:0711.1816;%%},
	Title = {{Evidence for radial flow of thermal dileptons in high-energy nuclear collisions}},
	Volume = {100},
	Year = {2008}}

@article{Arnaldi:2006jq,
	Archiveprefix = {arXiv},
	Author = {Arnaldi, R. and others},
	Collaboration = {NA60},
	Doi = {10.1103/PhysRevLett.96.162302},
	Eprint = {nucl-ex/0605007},
	Journal = {Phys. Rev. Lett.},
	Pages = {162302},
   	Primaryclass = {nucl-ex},
   	Slaccitation = {%%CITATION = NUCL-EX/0605007;%%},
	Title = {{First measurement of the $\rho$ spectral function in high-energy nuclear collisions}},
	Volume = {96},
	Year = {2006}}

@article{Arnaldi:2008fw,
	Archiveprefix = {arXiv},
	Author = {Arnaldi, R. and others},
	Collaboration = {NA60},
	Doi = {10.1140/epjc/s10052-009-0878-5},
	Eprint = {0812.3053},
	Journal = {Eur. Phys. J. C},
	Pages = {711},
   	Primaryclass = {nucl-ex},
	Slaccitation = {%%CITATION = ARXIV:0812.3053;%%},
	Title = {{NA60 results on thermal dimuons}},
	Volume = {61},
	Year = {2009}}
    
@article{Specht:2010xu,
	Archiveprefix = {arXiv},
	Author = {Specht, Hans J.},
	Collaboration = {NA60},
	Doi = {10.1063/1.3541982},
	Eprint = {1011.0615},
	Journal = {AIP Conf. Proc.},
	Pages = {1},
   	Primaryclass = {nucl-ex},
	Slaccitation = {%%CITATION = ARXIV:1011.0615;%%},
	Title = {{Thermal Dileptons from Hot and Dense Strongly Interacting Matter}},
	Volume = {1322},
	Year = {2010}}
@article{Arnaldi:2008gp,
      author         = "Arnaldi, R. and others",
      title          = "{First results on angular distributions of thermal
                        dileptons in nuclear collisions}",
      collaboration  = "NA60",
      journal        = "Phys. Rev. Lett.",
      volume         = "102",
      year           = "2009",
      pages          = "222301",
      doi            = "10.1103/PhysRevLett.102.222301",
      eprint         = "0812.3100",
      archivePrefix  = "arXiv",
      primaryClass   = "nucl-ex",
      SLACcitation   = "%%CITATION = ARXIV:0812.3100;%%"
}

%%% PHENIX %%%
@article{Adare:2008ab,
	Archiveprefix = {arXiv},
	Author = {Adare, A. and others},
	Collaboration = {PHENIX},
	Doi = {10.1103/PhysRevLett.104.132301},
	Eprint = {0804.4168},
	Journal = {Phys. Rev. Lett.},
	Pages = {132301},
	Primaryclass = {nucl-ex},
	Slaccitation = {%%CITATION = ARXIV:0804.4168;%%},
	Title = {{Enhanced production of direct photons in Au--Au collisions at $\sqrt{s_{\rm NN}}$ = 200~GeV and implications for the initial temperature}},
	Volume = {104},
	Year = {2010}}

@article{Adare:2009qk,
	Archiveprefix = {arXiv},
	Author = {Adare, A. and others},
	Collaboration = {PHENIX},
	Doi = {10.1103/PhysRevC.81.034911},
	Eprint = {0912.0244},
	Journal = {Phys. Rev. C},
	Pages = {034911},
	Primaryclass = {nucl-ex},
	Slaccitation = {%%CITATION = ARXIV:0912.0244;%%},
	Title = {{Detailed measurement of the \Pepem pair continuum in pp and Au--Au collisions at $\sqrt{s_{\rm NN}}$ = 200~GeV and implications for direct photon production}},
	Volume = {81},
	Year = {2010}}

@article{Adare:2011zr,
	Archiveprefix = {arXiv},
	Author = {Adare, A. and others},
	Collaboration = {PHENIX},
	Doi = {10.1103/PhysRevLett.109.122302},
	Eprint = {1105.4126},
	Journal = {Phys. Rev. Lett.},
	Pages = {122302},
	Primaryclass = {nucl-ex},
	Slaccitation = {%%CITATION = ARXIV:1105.4126;%%},
	Title = {{Observation of direct-photon collective flow in Au--Au collisions at $\sqrt{s_{\rm NN}}$ = 200~GeV}},
	Volume = {109},
	Year = {2012}}

@article{Adare:2014fwh,
	Archiveprefix = {arXiv},
	Author = {Adare, A. and others},
	Collaboration = {PHENIX},
	Doi = {10.1103/PhysRevC.91.064904},
	Eprint = {1405.3940},
	Journal = {Phys. Rev. C},
	Pages = {064904},
	Primaryclass = {nucl-ex},
	Slaccitation = {%%CITATION = ARXIV:1405.3940;%%},
	Title = {{Centrality dependence of low-momentum direct-photon production in Au--Au collisions at $\sqrt{s_{\rm NN}}$ = 200~GeV}},
	Volume = {91},
	Year = {2015}}

@article{Adare:2015ila,
	Archiveprefix = {arXiv},
	Author = {Adare, A. and others},
	Collaboration = {PHENIX},
	Doi = {10.1103/PhysRevC.93.014904},
	Eprint = {1509.04667},
	Journal = {Phys. Rev. C},
	Pages = {014904},
	Primaryclass = {nucl-ex},
	Slaccitation = {%%CITATION = ARXIV:1509.04667;%%},
	Title = {{Dielectron production in Au--Au collisions at $\sqrt{s_{\rm NN}}$ = 200~GeV}},
	Volume = {93},
	Year = {2016}}

@article{Adare:2018wgc,
	Archiveprefix = {arXiv},
	Author = {Adare, A. and others},
	Collaboration = {PHENIX},
	Eprint = {1805.04084},
	Primaryclass = {hep-ex},
	Slaccitation = {%%CITATION = ARXIV:1805.04084;%%},
	Title = {{Beam-energy and centrality dependence of direct-photon emission from ultra-relativistic heavy-ion collisions}},
	Year = {2018}}


%%% STAR %%%
@article{Adamczyk:2013caa,
	Archiveprefix = {arXiv},
	Author = {Adamczyk, L. and others},
	Collaboration = {STAR},
	Doi = {10.1103/PhysRevLett.113.022301},
	Eprint = {1312.7397},
	Journal = {Phys. Rev. Lett.},
	Pages = {022301},
	Primaryclass = {hep-ex},
	Slaccitation = {%%CITATION = ARXIV:1312.7397;%%},
	Title = {{Dielectron mass spectra from Au--Au collisions at $\sqrt{s_{\rm NN}}$ = 200~GeV}},
	Volume = {113},
	Year = {2014}}

@article{Adamczyk:2015mmx,
	Archiveprefix = {arXiv},
	Author = {Adamczyk, L. and others},
	Collaboration = {STAR},
	Doi = {10.1016/j.physletb.2015.08.044},
	Eprint = {1501.05341},
	Journal = {Phys. Lett. B},
	Pages = {64},
	Primaryclass = {hep-ex},
	Slaccitation = {%%CITATION = ARXIV:1501.05341;%%},
	Title = {{Energy dependence of acceptance-corrected dielectron excess mass spectrum at mid-rapidity in Au--Au collisions at $\sqrt{s_{\rm NN}}$ = 19.6 and 200~GeV}},
	Volume = {750},
	Year = {2015}}

%%% ALICE %%%
@article{Adam:2015lda,
	Archiveprefix = {arXiv},
	Author = {Adam, Jaroslav and others},
	Collaboration = {ALICE},
	Doi = {10.1016/j.physletb.2016.01.020},
	Eprint = {1509.07324},
	Journal = {Phys. Lett. B},
	Pages = {235},
	Primaryclass = {nucl-ex},
	Reportnumber = {CERN-PH-EP-2015-254, ALICE-PUBLIC-2015-007},
	Slaccitation = {%%CITATION = ARXIV:1509.07324;%%},
	Title = {{Direct photon production in Pb--Pb collisions at $\sqrt{s_{\rm NN}}$ = 2.76~TeV}},
	Volume = {754},
	Year = {2016}}

@article{Acharya:2018kkj,
	Archiveprefix = {arXiv},
	Author = {Acharya, Shreyasi and others},
	Collaboration = {ALICE},
	Eprint = {1805.04407},
	Primaryclass = {hep-ex},
	Reportnumber = {CERN-EP-2018-122},
	Slaccitation = {%%CITATION = ARXIV:1805.04407;%%},
	Title = {{Dielectron and heavy-quark production in inelastic and high-multiplicity proton--proton collisions at $\sqrt{s_{\rm NN}}$ = 13~TeV}},
	Year = {2018}}

@article{Acharya:2018ohw,
	Archiveprefix = {arXiv},
	Author = {Acharya, Shreyasi and others},
	Collaboration = {ALICE},
	Eprint = {1805.04391},
	Primaryclass = {hep-ex},
	Reportnumber = {CERN-EP-2018-102},
	Slaccitation = {%%CITATION = ARXIV:1805.04391;%%},
	Title = {{Dielectron production in proton--proton collisions at $\sqrt{s}$ = 7~TeV}},
	Year = {2018}}

@article{Acharya:2018nxm,
	Archiveprefix = {arXiv},
	Author = {Acharya, Shreyasi and others},
	Collaboration = {ALICE},
	Eprint = {1807.00923},
	Primaryclass = {nucl-ex},
	Reportnumber = {CERN-EP-2018-181},
	Slaccitation = {%%CITATION = ARXIV:1807.00923;%%},
	Title = {{Measurement of dielectron production in central Pb--Pb collisions at $\sqrt{s_{\rm NN}}$ = 2.76~TeV}},
	Year = {2018}}

@article{Aamodt:2008zz,
      author         = "Aamodt, K. and others",
      title          = "{The ALICE experiment at the CERN LHC}",
      collaboration  = "ALICE",
      journal        = "JINST",
      volume         = "3",
      year           = "2008",
      pages          = "S08002",
      doi            = "10.1088/1748-0221/3/08/S08002",
      SLACcitation   = "%%CITATION = JINST,3,S08002;%%"
}

@article{Abelevetal:2014cna,
      author         = "Abelev, B and others",
      title          = "{Upgrade of the ALICE Experiment: Letter Of Intent}",
      collaboration  = "ALICE",
      journal        = "J. Phys.",
      volume         = "G41",
      year           = "2014",
      pages          = "087001",
      doi            = "10.1088/0954-3899/41/8/087001",
      reportNumber   = "CERN-LHCC-2012-012, CERN-LHCC-I-022, ALICE-UG-001",
      SLACcitation   = "%%CITATION = JPAGA,G41,087001;%%"
}

@article{Abelevetal:2014dna,
      author         = "Abelev, B and others",
      title          = "{Technical Design Report for the Upgrade of the ALICE Inner Tracking System}",
      collaboration  = "ALICE",
      journal        = "J. Phys.",
      volume         = "G41",
      year           = "2014",
      pages          = "087002",
      doi            = "10.1088/0954-3899/41/8/087002",
      reportNumber   = "CERN-LHCC-2013-024, ALICE-TDR-017",
      SLACcitation   = "%%CITATION = JPAGA,G41,087002;%%"
}

@techreport{ALICE:2014qrd,
      author         = "Abelev, B and others",
      title          = "{Technical Design Report for the Upgrade of the ALICE Time Projection Chamber}",
      institution   = "CERN",	
      collaboration  = "ALICE",
      year           = "2014",
      number         = "CERN-LHCC-2013-020, ALICE-TDR-016",
      reportNumber   = "CERN-LHCC-2013-020, ALICE-TDR-016",
      SLACcitation   = "%%CITATION = CERN-LHCC-2013-020;%%"
}

@techreport{ALICE:MFTLoI,
      author         = "Abelev, B and others",
      title          = "{Upgrade of the ALICE Experiment: Addendum to the Letter of Intent, The Muon Forward Tracker}",
      institution    = "CERN",
      collaboration  = "ALICE",
      year           = "2013",
      number         = "CERN-LHCC-2013-014 / LHCC-I-022-ADD-1",
      reportNumber   = "CERN-LHCC-2013-014 / LHCC-I-022-ADD-1",
      SLACcitation   = "%%CITATION = CERN-LHCC-2013-014;%%"
}
@techreport{ALICE:ITS3LoI,
      author         = "Acharya, Shreyasi and others",
      title          = "{Expression of Interest for an ALICE ITS Upgrade in LS3}",
      institution   = "CERN",
      collaboration  = "ALICE",
      year           = "2018",
      number         = "ALICE-PUBLIC-2018-013",
      reportNumber   = "ALICE-PUBLIC-2018-013",
      SLACcitation   = "%%CITATION =;%%"
}

%%% chiral symmetry %%%
@article{Bazavov:2011nk,
	Archiveprefix = {arXiv},
	Author = {Bazavov, A. and others},
	Date-Added = {2018-08-18 13:54:15 +0200},
	Date-Modified = {2018-08-18 13:54:22 +0200},
	Doi = {10.1103/PhysRevD.85.054503},
	Eprint = {1111.1710},
	Journal = {Phys. Rev. D},
	Pages = {054503},
	Primaryclass = {hep-lat},
	Slaccitation = {%%CITATION = ARXIV:1111.1710;%%},
	Title = {{The chiral and deconfinement aspects of the QCD transition}},
	Volume = {85},
	Year = {2012},
	Bdsk-Url-1 = {https://doi.org/10.1103/PhysRevD.85.054503}}

@article{Brown:1991kk,
	Author = {Brown, G.E. and Rho, Mannque},
	Doi = {10.1103/PhysRevLett.66.2720},
	Journal = {Phys. Rev. Lett.},
	Pages = {2720},
	Slaccitation = {%%CITATION = PRLTA,66,2720;%%},
	Title = {{Scaling effective Lagrangians in a dense medium}},
	Volume = {66},
	Year = {1991}}

@article{Rapp:1995zy,
	Archiveprefix = {arXiv},
	Author = {Rapp, R. and Chanfray, G. and Wambach, J.},
	Doi = {10.1103/PhysRevLett.76.368},
	Eprint = {hep-ph/9508353},
	Journal = {Phys. Rev. Lett.},
	Pages = {368},
	Primaryclass = {hep-ph},
	Reportnumber = {KFA-IKP-TH-1995-19},
	Slaccitation = {%%CITATION = HEP-PH/9508353;%%},
	Title = {{Medium modifications of the rho meson at CERN SPS energies}},
	Volume = {76},
	Year = {1996}}

%%% lattice QCD %%%
@article{Borsanyi:2010bp,
	Archiveprefix = {arXiv},
	Author = {Borsanyi, Szabolcs and Fodor, Zoltan and Hoelbling, Christian and Katz, Sandor D and Krieg, Stefan and Ratti, Claudia and Szabo, Kalman K.},
	Collaboration = {Wuppertal-Budapest},
	Doi = {10.1007/JHEP09(2010)073},
	Eprint = {1005.3508},
	Journal = {JHEP},
	Pages = {073},
	Primaryclass = {hep-lat},
	Reportnumber = {WUB-10-11, MIT-CTP-4152},
	Slaccitation = {%%CITATION = ARXIV:1005.3508;%%},
	Title = {{Is there still any $T_c$ mystery in lattice QCD? Results with physical masses in the continuum limit III}},
	Volume = {09},
	Year = {2010}}

@article{Bazavov:2014pvz,
	Archiveprefix = {arXiv},
	Author = {Bazavov, A. and others},
	Collaboration = {HotQCD},
	Doi = {10.1103/PhysRevD.90.094503},
	Eprint = {1407.6387},
	Journal = {Phys. Rev. D},
	Pages = {094503},
	Primaryclass = {hep-lat},
	Reportnumber = {BNL-105928-2014-JA},
	Slaccitation = {%%CITATION = ARXIV:1407.6387;%%},
	Title = {{Equation of state in (2+1)-flavor QCD}},
	Volume = {90},
	Year = {2014}}
    

@article{Rapp:2011is,
      author         = "Rapp, Ralf",
      title          = "{Theory of Soft Electromagnetic Emission in Heavy-Ion
                        Collisions}",
      booktitle      = "{Soft side of the LHC. Proceedings, 51st Cracow School of
                        Theoretical Physics, Zakopane, Poland, June 11-19, 2011}",
      journal        = "Acta Phys. Polon.",
      volume         = "B42",
      year           = "2011",
      pages          = "2823-2852",
      doi            = "10.5506/APhysPolB.42.2823",
      eprint         = "1110.4345",
      archivePrefix  = "arXiv",
      primaryClass   = "nucl-th",
      SLACcitation   = "%%CITATION = ARXIV:1110.4345;%%"
}

@article{Rapp:2000pe,
      author         = "Rapp, R.",
      title          = "{Signatures of thermal dilepton radiation at RHIC}",
      journal        = "Phys. Rev.",
      volume         = "C63",
      year           = "2001",
      pages          = "054907",
      doi            = "10.1103/PhysRevC.63.054907",
      eprint         = "hep-ph/0010101",
      archivePrefix  = "arXiv",
      primaryClass   = "hep-ph",
      reportNumber   = "SUNY-NTG-00-41",
      SLACcitation   = "%%CITATION = HEP-PH/0010101;%%"
}

@article{vanHees:2007th,
      author         = "van Hees, Hendrik and Rapp, Ralf",
      title          = "{Dilepton Radiation at the CERN Super Proton
                        Synchrotron}",
      journal        = "Nucl. Phys.",
      volume         = "A806",
      year           = "2008",
      pages          = "339-387",
      doi            = "10.1016/j.nuclphysa.2008.03.009",
      eprint         = "0711.3444",
      archivePrefix  = "arXiv",
      primaryClass   = "hep-ph",
      SLACcitation   = "%%CITATION = ARXIV:0711.3444;%%"
}

@article{vanHees:2011vb,
      author         = "van Hees, Hendrik and Gale, Charles and Rapp, Ralf",
      title          = "{Thermal Photons and Collective Flow at the Relativistic
                        Heavy-Ion Collider}",
      journal        = "Phys. Rev.",
      volume         = "C84",
      year           = "2011",
      pages          = "054906",
      doi            = "10.1103/PhysRevC.84.054906",
      eprint         = "1108.2131",
      archivePrefix  = "arXiv",
      primaryClass   = "hep-ph",
      SLACcitation   = "%%CITATION = ARXIV:1108.2131;%%"
}

@article{Rapp:2009yu,
      author         = "Rapp, R. and Wambach, J. and van Hees, H.",
      title          = "{The Chiral Restoration Transition of QCD and Low Mass
                        Dileptons}",
      journal        = "Landolt-Bornstein",
      volume         = "23",
      year           = "2010",
      pages          = "134",
      doi            = "10.1007/978-3-642-01539-7_6",
      eprint         = "0901.3289",
      archivePrefix  = "arXiv",
      primaryClass   = "hep-ph",
      SLACcitation   = "%%CITATION = ARXIV:0901.3289;%%"
}

@article{Rapp:1999us,
      author         = "Rapp, Ralf and Wambach, Jochen",
      title          = "{Low mass dileptons at the CERN SPS: Evidence for chiral
                        restoration?}",
      journal        = "Eur. Phys. J.",
      volume         = "A6",
      year           = "1999",
      pages          = "415-420",
      doi            = "10.1007/s100500050364",
      eprint         = "hep-ph/9907502",
      archivePrefix  = "arXiv",
      primaryClass   = "hep-ph",
      reportNumber   = "SUNY-NTG-99-25",
      SLACcitation   = "%%CITATION = HEP-PH/9907502;%%"
}

@article{Hohler:2013eba,
      author         = "Hohler, Paul M. and Rapp, Ralf",
      title          = "{Is $\rho$-Meson Melting Compatible with Chiral
                        Restoration?}",
      journal        = "Phys. Lett.",
      volume         = "B731",
      year           = "2014",
      pages          = "103-109",
      doi            = "10.1016/j.physletb.2014.02.021",
      eprint         = "1311.2921",
      archivePrefix  = "arXiv",
      primaryClass   = "hep-ph",
      SLACcitation   = "%%CITATION = ARXIV:1311.2921;%%"
}

@article{He:2011zx,
      author         = "He, Min and Fries, Rainer J. and Rapp, Ralf",
      title          = "{Ideal Hydrodynamics for Bulk and Multistrange Hadrons in
                        $\sqrt{s_{NN}}$=200\,AGeV Au-Au Collisions}",
      journal        = "Phys. Rev.",
      volume         = "C85",
      year           = "2012",
      pages          = "044911",
      doi            = "10.1103/PhysRevC.85.044911",
      eprint         = "1112.5894",
      archivePrefix  = "arXiv",
      primaryClass   = "nucl-th",
      SLACcitation   = "%%CITATION = ARXIV:1112.5894;%%"
}

@article{Linnyk:2015rco,
      author         = "Linnyk, O. and Bratkovskaya, E. L. and Cassing, W.",
      title          = "{Effective QCD and transport description of dilepton and
                        photon production in heavy-ion collisions and elementary
                        processes}",
      journal        = "Prog. Part. Nucl. Phys.",
      volume         = "87",
      year           = "2016",
      pages          = "50-115",
      doi            = "10.1016/j.ppnp.2015.12.003",
      eprint         = "1512.08126",
      archivePrefix  = "arXiv",
      primaryClass   = "nucl-th",
      SLACcitation   = "%%CITATION = ARXIV:1512.08126;%%"
}

@article{Cassing:2009vt,
      author         = "Cassing, W. and Bratkovskaya, E. L.",
      title          = "{Parton-Hadron-String Dynamics: an off-shell transport
                        approach for relativistic energies}",
      journal        = "Nucl. Phys.",
      volume         = "A831",
      year           = "2009",
      pages          = "215-242",
      doi            = "10.1016/j.nuclphysa.2009.09.007",
      eprint         = "0907.5331",
      archivePrefix  = "arXiv",
      primaryClass   = "nucl-th",
      SLACcitation   = "%%CITATION = ARXIV:0907.5331;%%"
}

@article{Bratkovskaya:2007jk,
      author         = "Bratkovskaya, E. L. and Cassing, W.",
      title          = "{Dilepton production and off-shell transport dynamics at
                        SIS energies}",
      journal        = "Nucl. Phys.",
      volume         = "A807",
      year           = "2008",
      pages          = "214-250",
      doi            = "10.1016/j.nuclphysa.2008.04.004",
      eprint         = "0712.0635",
      archivePrefix  = "arXiv",
      primaryClass   = "nucl-th",
      SLACcitation   = "%%CITATION = ARXIV:0712.0635;%%"
}

@article{Linnyk:2010vb,
      author         = "Linnyk, O.",
      title          = "{Dilepton production by dynamical quasiparticles in the
                        strongly interacting quark gluon plasma}",
      journal        = "J. Phys.",
      volume         = "G38",
      year           = "2011",
      pages          = "025105",
      doi            = "10.1088/0954-3899/38/2/025105",
      eprint         = "1004.2591",
      archivePrefix  = "arXiv",
      primaryClass   = "hep-ph",
      SLACcitation   = "%%CITATION = ARXIV:1004.2591;%%"
}

@article{Ghiglieri:2016tvj,
      author         = "Ghiglieri, J. and Kaczmarek, O. and Laine, M. and Meyer,
                        F.",
      title          = "{Lattice constraints on the thermal photon rate}",
      journal        = "Phys. Rev.",
      volume         = "D94",
      year           = "2016",
      number         = "1",
      pages          = "016005",
      doi            = "10.1103/PhysRevD.94.016005",
      eprint         = "1604.07544",
      archivePrefix  = "arXiv",
      primaryClass   = "hep-lat",
      SLACcitation   = "%%CITATION = ARXIV:1604.07544;%%"
}

@article{Aarts:2014nba,
      author         = "Aarts, Gert and Allton, Chris and Amato, Alessandro and
                        Giudice, Pietro and Hands, Simon and Skullerud, Jon-Ivar",
      title          = "{Electrical conductivity and charge diffusion in thermal
                        QCD from the lattice}",
      journal        = "JHEP",
      volume         = "02",
      year           = "2015",
      pages          = "186",
      doi            = "10.1007/JHEP02(2015)186",
      eprint         = "1412.6411",
      archivePrefix  = "arXiv",
      primaryClass   = "hep-lat",
      reportNumber   = "HIP-2014-34-TH, INT-PUB-14-060, MS-TP-14-40",
      SLACcitation   = "%%CITATION = ARXIV:1412.6411;%%"
}

@article{Ding:2016hua,
      author         = "Ding, Heng-Tong and Kaczmarek, Olaf and Meyer, Florian",
      title          = "{Thermal dilepton rates and electrical conductivity of
                        the QGP from the lattice}",
      journal        = "Phys. Rev.",
      volume         = "D94",
      year           = "2016",
      number         = "3",
      pages          = "034504",
      doi            = "10.1103/PhysRevD.94.034504",
      eprint         = "1604.06712",
      archivePrefix  = "arXiv",
      primaryClass   = "hep-lat",
      reportNumber   = "BI-TP-2016-03",
      SLACcitation   = "%%CITATION = ARXIV:1604.06712;%%"
}

@article{Aarts:2005hg,
      author         = "Aarts, Gert and Martinez Resco, Jose M.",
      title          = "{Continuum and lattice meson spectral functions at
                        nonzero momentum and high temperature}",
      journal        = "Nucl. Phys.",
      volume         = "B726",
      year           = "2005",
      pages          = "93-108",
      doi            = "10.1016/j.nuclphysb.2005.08.012",
      eprint         = "hep-lat/0507004",
      archivePrefix  = "arXiv",
      primaryClass   = "hep-lat",
      reportNumber   = "SWAT-05-435",
      SLACcitation   = "%%CITATION = HEP-LAT/0507004;%%"
}

@article{Brandt:2015aqk,
      author         = "Brandt, Bastian B. and Francis, Anthony and J{\"a}ger,
                        Benjamin and Meyer, Harvey B.",
      title          = "{Charge transport and vector meson dissociation across
                        the thermal phase transition in lattice QCD with two light
                        quark flavors}",
      journal        = "Phys. Rev.",
      volume         = "D93",
      year           = "2016",
      number         = "5",
      pages          = "054510",
      doi            = "10.1103/PhysRevD.93.054510",
      eprint         = "1512.07249",
      archivePrefix  = "arXiv",
      primaryClass   = "hep-lat",
      reportNumber   = "MITP-15-019",
      SLACcitation   = "%%CITATION = ARXIV:1512.07249;%%"
}

@article{Jung:2016yxl,
      author         = "Jung, Christopher and Rennecke, Fabian and Tripolt,
                        Ralf-Arno and von Smekal, Lorenz and Wambach, Jochen",
      title          = "{In-Medium Spectral Functions of Vector- and Axial-Vector
                        Mesons from the Functional Renormalization Group}",
      journal        = "Phys. Rev.",
      volume         = "D95",
      year           = "2017",
      number         = "3",
      pages          = "036020",
      doi            = "10.1103/PhysRevD.95.036020",
      eprint         = "1610.08754",
      archivePrefix  = "arXiv",
      primaryClass   = "hep-ph",
      SLACcitation   = "%%CITATION = ARXIV:1610.08754;%%"
}

@article{Vujanovic:2016anq,
      author         = "Vujanovic, Gojko and Paquet, Jean-François and Denicol,
                        Gabriel S. and Luzum, Matthew and Jeon, Sangyong and Gale,
                        Charles",
      title          = "{Electromagnetic radiation as a probe of the initial
                        state and of viscous dynamics in relativistic nuclear
                        collisions}",
      journal        = "Phys. Rev.",
      volume         = "C94",
      year           = "2016",
      number         = "1",
      pages          = "014904",
      doi            = "10.1103/PhysRevC.94.014904",
      eprint         = "1602.01455",
      archivePrefix  = "arXiv",
      primaryClass   = "nucl-th",
      SLACcitation   = "%%CITATION = ARXIV:1602.01455;%%"
}

@article{Vujanovic:2017wtw,
      author         = "Vujanovic, Gojko and Paquet, Jean-François and Ryu,
                        Sangwook and Shen, Chun and Denicol, Gabriel S. and Jeon,
                        Sangyong and Gale, Charles and Heinz, Ulrich",
      title          = "{Bulk viscous effects on flow and dilepton radiation in a
                        hybrid approach}",
      booktitle      = "{Proceedings, 26th International Conference on
                        Ultra-relativistic Nucleus-Nucleus Collisions (Quark
                        Matter 2017): Chicago, Illinois, USA, February 5-11,
                        2017}",
      journal        = "Nucl. Phys.",
      volume         = "A967",
      year           = "2017",
      pages          = "692-695",
      doi            = "10.1016/j.nuclphysa.2017.05.105",
      eprint         = "1704.04687",
      archivePrefix  = "arXiv",
      primaryClass   = "nucl-th",
      SLACcitation   = "%%CITATION = ARXIV:1704.04687;%%"
}

@article{Vujanovic:2017psb,
      author         = "Vujanovic, Gojko and Denicol, Gabriel S. and Luzum,
                        Matthew and Jeon, Sangyong and Gale, Charles",
      title          = "{Investigating the temperature dependence of the specific
                        shear viscosity of QCD matter with dilepton radiation}",
      journal        = "Phys. Rev.",
      volume         = "C98",
      year           = "2018",
      number         = "1",
      pages          = "014902",
      doi            = "10.1103/PhysRevC.98.014902",
      eprint         = "1702.02941",
      archivePrefix  = "arXiv",
      primaryClass   = "nucl-th",
      SLACcitation   = "%%CITATION = ARXIV:1702.02941;%%"
}





@article{Klein:2017nqo,
      author         = "Klein, Spencer and Nystrand, Joakim",
      title          = "{Ultraperipheral nuclear collisions}",
      journal        = "Phys. Today",
      volume         = "70",
      year           = "2017",
      number         = "10",
      pages          = "40-47",
      doi            = "10.1063/PT.3.3727",
      SLACcitation   = "%%CITATION = PHTOA,70,40;%%"
}

@article{Baltz:2007kq,
      author         = "Baltz, A. J.",
      editor         = "Baur, G. and d'Enterria, D. and Frankfurt, L. and Gelis,
                        F. and Guzey, V. and Hencken, K. and Kharlov, Yu. and
                        Klasen, M. and Klein, S. R. and Nikulin, V. and others ",
      title          = "{The Physics of Ultraperipheral Collisions at the LHC}",
      journal        = "Phys. Rept.",
      volume         = "458",
      year           = "2008",
      pages          = "1-171",
      doi            = "10.1016/j.physrep.2007.12.001",
      eprint         = "0706.3356",
      archivePrefix  = "arXiv",
      primaryClass   = "nucl-ex",
      SLACcitation   = "%%CITATION = ARXIV:0706.3356;%%"
}

@article{Bertulani:2005ru,
      author         = "Bertulani, Carlos A. and Klein, Spencer R. and Nystrand,
                        Joakim",
      title          = "{Physics of ultra-peripheral nuclear collisions}",
      journal        = "Ann. Rev. Nucl. Part. Sci.",
      volume         = "55",
      year           = "2005",
      pages          = "271-310",
      doi            = "10.1146/annurev.nucl.55.090704.151526",
      eprint         = "nucl-ex/0502005",
      archivePrefix  = "arXiv",
      primaryClass   = "nucl-ex",
      SLACcitation   = "%%CITATION = NUCL-EX/0502005;%%"
}

@article{Bertulani:1987tz,
      author         = "Bertulani, Carlos A. and Baur, Gerhard",
      title          = "{Electromagnetic Processes in Relativistic Heavy Ion
                        Collisions}",
      journal        = "Phys. Rept.",
      volume         = "163",
      year           = "1988",
      pages          = "299",
      doi            = "10.1016/0370-1573(88)90142-1",
      reportNumber   = "JUL-2163",
      SLACcitation   = "%%CITATION = PRPLC,163,299;%%"
}

@article{Baur:2001jj,
      author         = "Baur, Gerhard and Hencken, Kai and Trautmann, Dirk and
                        Sadovsky, Serguei and Kharlov, Yuri",
      title          = "{Coherent gamma gamma and gamma-A interactions in very
                        peripheral collisions at relativistic ion colliders}",
      journal        = "Phys. Rept.",
      volume         = "364",
      year           = "2002",
      pages          = "359-450",
      doi            = "10.1016/S0370-1573(01)00101-6",
      eprint         = "hep-ph/0112211",
      archivePrefix  = "arXiv",
      primaryClass   = "hep-ph",
      SLACcitation   = "%%CITATION = HEP-PH/0112211;%%"
}

@article{Vidovic:1992ik,
      author         = "Vidovic, M. and Greiner, M. and Best, C. and Soff, G.",
      title          = "{Impact parameter dependence of the electromagnetic
                        particle production in ultrarelativistic heavy ion
                        collisions}",
      journal        = "Phys. Rev.",
      volume         = "C47",
      year           = "1993",
      pages          = "2308-2319",
      doi            = "10.1103/PhysRevC.47.2308",
      reportNumber   = "GSI-92-52",
      SLACcitation   = "%%CITATION = PHRVA,C47,2308;%%"
}

@article{Zha:2017jch,
      author         = "Zha, W. and Klein, S. R. and Ma, R. and Ruan, L. and
                        Todoroki, T. and Tang, Z. and Xu, Z. and Yang, C. and
                        Yang, Q. and Yang, S.",
      title          = "{Coherent J/$\psi$ photoproduction in hadronic heavy-ion
                        collisions}",
      journal        = "Phys. Rev.",
      volume         = "C97",
      year           = "2018",
      number         = "4",
      pages          = "044910",
      doi            = "10.1103/PhysRevC.97.044910",
      eprint         = "1705.01460",
      archivePrefix  = "arXiv",
      primaryClass   = "nucl-th",
      SLACcitation   = "%%CITATION = ARXIV:1705.01460;%%"
}

@article{Adam:2018tdm,
      author         = "Adam, J. and others",
      title          = "{Low-$p_T$ $e^{+}e^{-}$ pair production in Au$+$Au
                        collisions at $\sqrt{s_{NN}}$ = 200 GeV and U$+$U
                        collisions at $\sqrt{s_{NN}}$ = 193 GeV at STAR}",
      collaboration  = "STAR",
      year           = "2018",
      eprint         = "1806.02295",
      archivePrefix  = "arXiv",
      primaryClass   = "hep-ex",
      SLACcitation   = "%%CITATION = ARXIV:1806.02295;%%"
}

@article{Adam:2015gba,
      author         = "Adam, Jaroslav and others",
      title          = "{Measurement of an excess in the yield of $J/\psi$ at
                        very low $p_{\rm T}$ in Pb-Pb collisions at $\sqrt{s_{\rm
                        NN}}$ = 2.76 TeV}",
      collaboration  = "ALICE",
      journal        = "Phys. Rev. Lett.",
      volume         = "116",
      year           = "2016",
      number         = "22",
      pages          = "222301",
      doi            = "10.1103/PhysRevLett.116.222301",
      eprint         = "1509.08802",
      archivePrefix  = "arXiv",
      primaryClass   = "nucl-ex",
      reportNumber   = "CERN-PH-EP-2015-268",
      SLACcitation   = "%%CITATION = ARXIV:1509.08802;%%"
}

@article{Aaboud:2018eph,
      author         = "Aaboud, Morad and others",
      title          = "{Observation of centrality-dependent acoplanarity for
                        muon pairs produced via two-photon scattering in Pb+Pb
                        collisions at $\sqrt{s_{\mathrm{NN}}}=5.02$ TeV with the
                        ATLAS detector}",
      collaboration  = "ATLAS",
      year           = "2018",
      eprint         = "1806.08708",
      archivePrefix  = "arXiv",
      primaryClass   = "nucl-ex",
      reportNumber   = "CERN-EP-2018-100",
      SLACcitation   = "%%CITATION = ARXIV:1806.08708;%%"
}

@article{Adams:2004rz,
      author         = "Adams, J. and others",
      title          = "{Production of e+ e- pairs accompanied by nuclear
                        dissociation in ultra-peripheral heavy ion collision}",
      collaboration  = "STAR",
      journal        = "Phys. Rev.",
      volume         = "C70",
      year           = "2004",
      pages          = "031902",
      doi            = "10.1103/PhysRevC.70.031902",
      eprint         = "nucl-ex/0404012",
      archivePrefix  = "arXiv",
      primaryClass   = "nucl-ex",
      SLACcitation   = "%%CITATION = NUCL-EX/0404012;%%"
}

@article{Klein:2016yzr,
      author         = "Klein, Spencer R. and Nystrand, Joakim and Seger, Janet
                        and Gorbunov, Yuri and Butterworth, Joey",
      title          = "{STARlight: A Monte Carlo simulation program for
                        ultra-peripheral collisions of relativistic ions}",
      journal        = "Comput. Phys. Commun.",
      volume         = "212",
      year           = "2017",
      pages          = "258-268",
      doi            = "10.1016/j.cpc.2016.10.016",
      eprint         = "1607.03838",
      archivePrefix  = "arXiv",
      primaryClass   = "hep-ph",
      SLACcitation   = "%%CITATION = ARXIV:1607.03838;%%"
}

@article{Baltz:2009jk,
      author         = "Baltz, Anthony J. and Gorbunov, Yuri and Klein, Spencer
                        R. and Nystrand, Joakim",
      title          = "{Two-Photon Interactions with Nuclear Breakup in
                        Relativistic Heavy Ion Collisions}",
      journal        = "Phys. Rev.",
      volume         = "C80",
      year           = "2009",
      pages          = "044902",
      doi            = "10.1103/PhysRevC.80.044902",
      eprint         = "0907.1214",
      archivePrefix  = "arXiv",
      primaryClass   = "nucl-ex",
      SLACcitation   = "%%CITATION = ARXIV:0907.1214;%%"
}

@article{Klein:2018cjh,
      author         = "Klein, Spencer R.",
      title          = "{Two-photon production of dilepton pairs in peripheral
                        heavy ion collisions}",
      journal        = "Phys. Rev.",
      volume         = "C97",
      year           = "2018",
      number         = "5",
      pages          = "054903",
      doi            = "10.1103/PhysRevC.97.054903",
      eprint         = "1801.04320",
      archivePrefix  = "arXiv",
      primaryClass   = "nucl-th",
      SLACcitation   = "%%CITATION = ARXIV:1801.04320;%%"
}

@article{Zha:2018ywo,
      author         = "Zha, W. and Ruan, L. and Tang, Z. and Xu, Z. and Yang,
                        S.",
      title          = "{Coherent lepton pair production in hadronic heavy ion
                        collisions}",
      journal        = "Phys. Lett.",
      volume         = "B781",
      year           = "2018",
      pages          = "182-186",
      doi            = "10.1016/j.physletb.2018.04.006",
      eprint         = "1804.01813",
      archivePrefix  = "arXiv",
      primaryClass   = "hep-ph",
      SLACcitation   = "%%CITATION = ARXIV:1804.01813;%%"
}

@article{Zha:2018ohg,
      author         = "Zha, Wangmei",
      title          = "{Excess of $J/\psi$ Production at Very Low Transverse Momenta
                        in A+A Collisions from STAR}",
      booktitle      = "{Proceedings, 21st International Conference on Particles
                        and Nuclei (PANIC 17): Beijing, China, September 1-5,
                        2017}",
      journal        = "Int. J. Mod. Phys. Conf. Ser.",
      volume         = "46",
      year           = "2018",
      pages          = "1860012",
      doi            = "10.1142/S2010194518600121",
      SLACcitation   = "%%CITATION = INSPIRE-1671904;%%"
}

@article{Klusek-Gawenda:2015hja,
      author         = "Klusek-Gawenda, Mariola and Szczurek, Antoni",
      title          = "{Photoproduction of $J/\psi$ mesons in peripheral and
                        semicentral heavy ion collisions}",
      journal        = "Phys. Rev.",
      volume         = "C93",
      year           = "2016",
      number         = "4",
      pages          = "044912",
      doi            = "10.1103/PhysRevC.93.044912",
      eprint         = "1509.03173",
      archivePrefix  = "arXiv",
      primaryClass   = "nucl-th",
      SLACcitation   = "%%CITATION = ARXIV:1509.03173;%%"
}

@article{Abelev:2008ew,
      author         = "Abelev, B. I. and others",
      title          = "{Observation of Two-source Interference in the
                        Photoproduction Reaction Au Au ---> Au Au rho0}",
      collaboration  = "STAR",
      journal        = "Phys. Rev. Lett.",
      volume         = "102",
      year           = "2009",
      pages          = "112301",
      doi            = "10.1103/PhysRevLett.102.112301",
      eprint         = "0812.1063",
      archivePrefix  = "arXiv",
      primaryClass   = "nucl-ex",
      SLACcitation   = "%%CITATION = ARXIV:0812.1063;%%"
}

@article{Klein:1999gv,
      author         = "Klein, Spencer R. and Nystrand, Joakim",
      title          = "{Interference in exclusive vector meson production in
                        heavy ion collisions}",
      journal        = "Phys. Rev. Lett.",
      volume         = "84",
      year           = "2000",
      pages          = "2330-2333",
      doi            = "10.1103/PhysRevLett.84.2330",
      eprint         = "hep-ph/9909237",
      archivePrefix  = "arXiv",
      primaryClass   = "hep-ph",
      reportNumber   = "LBNL-43907, LBL-43907, LBNL-PUB-43907",
      SLACcitation   = "%%CITATION = HEP-PH/9909237;%%"
}

@article{Acharya:2018bdy,
      author         = "Acharya, Shreyasi and others",
      title          = "{Direct photon elliptic flow in Pb-Pb collisions at
                        $\sqrt{s_{\rm NN}}$ = 2.76 TeV}",
      collaboration  = "ALICE",
      year           = "2018",
      eprint         = "1805.04403",
      archivePrefix  = "arXiv",
      primaryClass   = "nucl-ex",
      reportNumber   = "CERN-EP-2018-117, CERN-EP-2018-117",
      SLACcitation   = "%%CITATION = ARXIV:1805.04403;%%"
}

@article{Adare:2015lcd,
      author         = "Adare, A. and others",
      title          = "{Azimuthally anisotropic emission of low-momentum direct
                        photons in Au$+$Au collisions at $\sqrt{s_{_{NN}}}=200$
                        GeV}",
      collaboration  = "PHENIX",
      journal        = "Phys. Rev.",
      volume         = "C94",
      year           = "2016",
      number         = "6",
      pages          = "064901",
      doi            = "10.1103/PhysRevC.94.064901",
      eprint         = "1509.07758",
      archivePrefix  = "arXiv",
      primaryClass   = "nucl-ex",
      SLACcitation   = "%%CITATION = ARXIV:1509.07758;%%"
}



@article{Shen:2013vja,
      author         = "Shen, Chun and Heinz, Ulrich W and Paquet, Jean-Francois
                        and Gale, Charles",
      title          = "{Thermal photons as a quark-gluon plasma thermometer
                        reexamined}",
      journal        = "Phys. Rev.",
      volume         = "C89",
      year           = "2014",
      number         = "4",
      pages          = "044910",
      doi            = "10.1103/PhysRevC.89.044910",
      eprint         = "1308.2440",
      archivePrefix  = "arXiv",
      primaryClass   = "nucl-th",
      SLACcitation   = "%%CITATION = ARXIV:1308.2440;%%"
}

@article{Shen:2013cca,
      author         = "Shen, Chun and Heinz, Ulrich W. and Paquet, Jean-Francois
                        and Kozlov, Igor and Gale, Charles",
      title          = "{Anisotropic flow of thermal photons as a quark-gluon
                        plasma viscometer}",
      journal        = "Phys. Rev.",
      volume         = "C91",
      year           = "2015",
      number         = "2",
      pages          = "024908",
      doi            = "10.1103/PhysRevC.91.024908",
      eprint         = "1308.2111",
      archivePrefix  = "arXiv",
      primaryClass   = "nucl-th",
      SLACcitation   = "%%CITATION = ARXIV:1308.2111;%%"
}




@article{Dasgupta:2018pjm,
      author         = "Dasgupta, Pingal and De, Somnath and Chatterjee, Rupa and
                        Srivastava, Dinesh K.",
      title          = "{Photon production from Pb+Pb collisions at $\sqrt{s_{\rm
                        {NN}}}$ = 5.02 TeV at LHC and at $\sqrt{s_{\rm {NN}}}$ =
                        39 TeV at FCC}",
      year           = "2018",
      eprint         = "1804.02828",
      archivePrefix  = "arXiv",
      primaryClass   = "nucl-th",
      SLACcitation   = "%%CITATION = ARXIV:1804.02828;%%"
}



@article{Rapp:2014qha,
      author         = "Rapp, R. and van Hees, H. and He, M.",
      title          = "{Properties of Thermal Photons at RHIC and LHC}",
      booktitle      = "{Proceedings, 24th International Conference on
                        Ultra-Relativistic Nucleus-Nucleus Collisions (Quark
                        Matter 2014): Darmstadt, Germany, May 19-24, 2014}",
      journal        = "Nucl. Phys.",
      volume         = "A931",
      year           = "2014",
      pages          = "696-700",
      doi            = "10.1016/j.nuclphysa.2014.08.008",
      eprint         = "1408.0612",
      archivePrefix  = "arXiv",
      primaryClass   = "nucl-th",
      SLACcitation   = "%%CITATION = ARXIV:1408.0612;%%"
}

@article{vanHees:2014ida,
      author         = "van Hees, Hendrik and He, Min and Rapp, Ralf",
      title          = "{Pseudo-critical enhancement of thermal photons in
                        relativistic heavy-ion collisions?}",
      journal        = "Nucl. Phys.",
      volume         = "A933",
      year           = "2015",
      pages          = "256-271",
      doi            = "10.1016/j.nuclphysa.2014.09.009",
      eprint         = "1404.2846",
      archivePrefix  = "arXiv",
      primaryClass   = "nucl-th",
      SLACcitation   = "%%CITATION = ARXIV:1404.2846;%%"
}

@article{Chatterjee:2013naa,
      author         = "Chatterjee, Rupa and Holopainen, Hannu and Helenius,
                        Ilkka and Renk, Thorsten and Eskola, Kari J.",
      title          = "{Elliptic flow of thermal photons from event-by-event
                        hydrodynamic model}",
      journal        = "Phys. Rev.",
      volume         = "C88",
      year           = "2013",
      pages          = "034901",
      doi            = "10.1103/PhysRevC.88.034901",
      eprint         = "1305.6443",
      archivePrefix  = "arXiv",
      primaryClass   = "hep-ph",
      SLACcitation   = "%%CITATION = ARXIV:1305.6443;%%"
}

@article{Linnyk:2013wma,
      author         = "Linnyk, O. and Cassing, W. and Bratkovskaya, E. L.",
      title          = "{Centrality dependence of the direct photon yield and
                        elliptic flow in heavy-ion collisions at
                        $\sqrt{s_{NN}}=200$ GeV}",
      journal        = "Phys. Rev.",
      volume         = "C89",
      year           = "2014",
      number         = "3",
      pages          = "034908",
      doi            = "10.1103/PhysRevC.89.034908",
      eprint         = "1311.0279",
      archivePrefix  = "arXiv",
      primaryClass   = "nucl-th",
      SLACcitation   = "%%CITATION = ARXIV:1311.0279;%%"
}


@article{Gale:2014dfa,
      author         = "Gale, Charles and Hidaka, Yoshimasa and Jeon, Sangyong
                        and Lin, Shu and Paquet, Jean-François and Pisarski,
                        Robert D. and Satow, Daisuke and Skokov, Vladimir V. and
                        Vujanovic, Gojko",
      title          = "{Production and Elliptic Flow of Dileptons and Photons in
                        a Matrix Model of the Quark-Gluon Plasma}",
      journal        = "Phys. Rev. Lett.",
      volume         = "114",
      year           = "2015",
      pages          = "072301",
      doi            = "10.1103/PhysRevLett.114.072301",
      eprint         = "1409.4778",
      archivePrefix  = "arXiv",
      primaryClass   = "hep-ph",
      reportNumber   = "BNL-105041-2014-JA, RBRC-1093, RIKEN-QHP-151",
      SLACcitation   = "%%CITATION = ARXIV:1409.4778;%%"
}

@article{Chatterjee:2012dn,
      author         = "Chatterjee, Rupa and Holopainen, Hannu and Renk, Thorsten
                        and Eskola, Kari J.",
      title          = "{Collision centrality and $\tau_0$ dependence of the
                        emission of thermal photons from fluctuating initial state
                        in ideal hydrodynamic calculation}",
      journal        = "Phys. Rev.",
      volume         = "C85",
      year           = "2012",
      pages          = "064910",
      doi            = "10.1103/PhysRevC.85.064910",
      eprint         = "1204.2249",
      archivePrefix  = "arXiv",
      primaryClass   = "nucl-th",
      SLACcitation   = "%%CITATION = ARXIV:1204.2249;%%"
}


%%% contains utf-8, see: https://inspirehep.net/info/faq/general#utf8
%%% add \usepackage[utf8]{inputenc} to your latex preamble

@article{Paquet:2015lta,
      author         = "Paquet, Jean-François and Shen, Chun and Denicol,
                        Gabriel S. and Luzum, Matthew and Schenke, Björn and
                        Jeon, Sangyong and Gale, Charles",
      title          = "{Production of photons in relativistic heavy-ion
                        collisions}",
      journal        = "Phys. Rev.",
      volume         = "C93",
      year           = "2016",
      number         = "4",
      pages          = "044906",
      doi            = "10.1103/PhysRevC.93.044906",
      eprint         = "1509.06738",
      archivePrefix  = "arXiv",
      primaryClass   = "hep-ph",
      SLACcitation   = "%%CITATION = ARXIV:1509.06738;%%"
}




%%% contains utf-8, see: https://inspirehep.net/info/faq/general#utf8
%%% add \usepackage[utf8]{inputenc} to your latex preamble

@article{Paquet:2017wji,
      author         = "Paquet, Jean-François",
      title          = "{Probing the space-time evolution of heavy ion collisions
                        with photons and dileptons}",
      booktitle      = "{Proceedings, 26th International Conference on
                        Ultra-relativistic Nucleus-Nucleus Collisions (Quark
                        Matter 2017): Chicago, Illinois, USA, February 5-11,
                        2017}",
      journal        = "Nucl. Phys.",
      volume         = "A967",
      year           = "2017",
      pages          = "184-191",
      doi            = "10.1016/j.nuclphysa.2017.06.003",
      eprint         = "1704.07842",
      archivePrefix  = "arXiv",
      primaryClass   = "nucl-th",
      SLACcitation   = "%%CITATION = ARXIV:1704.07842;%%"
}
@article{Abelev:2014dsa,
      author         = "Abelev, Betty Bezverkhny and others",
      title          = "{Transverse momentum dependence of inclusive primary
                        charged-particle production in p-Pb collisions at
                        $\sqrt{s_\mathrm{{NN}}}=5.02~\text {TeV}$}",
      collaboration  = "ALICE",
      journal        = "Eur. Phys. J.",
      volume         = "C74",
      year           = "2014",
      number         = "9",
      pages          = "3054",
      doi            = "10.1140/epjc/s10052-014-3054-5",
      eprint         = "1405.2737",
      archivePrefix  = "arXiv",
      primaryClass   = "nucl-ex",
      reportNumber   = "CERN-PH-EP-2014-088",
      SLACcitation   = "%%CITATION = ARXIV:1405.2737;%%"
}

@article{ABELEV:2013wsa,
      author         = "Abelev, Betty Bezverkhny and others",
      title          = "{Long-range angular correlations of $\rm \pi$, K and p in
                        p-Pb collisions at $\sqrt{s_{\rm NN}}$ = 5.02 TeV}",
      collaboration  = "ALICE",
      journal        = "Phys. Lett.",
      volume         = "B726",
      year           = "2013",
      pages          = "164-177",
      doi            = "10.1016/j.physletb.2013.08.024",
      eprint         = "1307.3237",
      archivePrefix  = "arXiv",
      primaryClass   = "nucl-ex",
      reportNumber   = "CERN-PH-EP-2013-115",
      SLACcitation   = "%%CITATION = ARXIV:1307.3237;%%"
}
@article{Adam:2015vsf,
      author         = "Adam, Jaroslav and others",
      title          = "{Multi-strange baryon production in p-Pb collisions at
                        $\sqrt{s_\mathbf{NN}}=5.02$ TeV}",
      collaboration  = "ALICE",
      journal        = "Phys. Lett.",
      volume         = "B758",
      year           = "2016",
      pages          = "389-401",
      doi            = "10.1016/j.physletb.2016.05.027",
      eprint         = "1512.07227",
      archivePrefix  = "arXiv",
      primaryClass   = "nucl-ex",
      reportNumber   = "CERN-PH-EP-2015-327",
      SLACcitation   = "%%CITATION = ARXIV:1512.07227;%%"
}

@article{Abelev:2014ffa,
      author         = "Abelev, Betty Bezverkhny and others",
      title          = "{Performance of the ALICE Experiment at the CERN LHC}",
      collaboration  = "ALICE",
      journal        = "Int. J. Mod. Phys.",
      volume         = "A29",
      year           = "2014",
      pages          = "1430044",
      doi            = "10.1142/S0217751X14300440",
      eprint         = "1402.4476",
      archivePrefix  = "arXiv",
      primaryClass   = "nucl-ex",
      reportNumber   = "CERN-PH-EP-2014-031",
      SLACcitation   = "%%CITATION = ARXIV:1402.4476;%%"
}
@article{Chatterjee:2017akg,
      author         = "Chatterjee, Rupa and Dasgupta, Pingal and Srivastava,
                        Dinesh K.",
      title          = "{Anisotropic flow of thermal photons at energies
                        available at the BNL Relativistic Heavy Ion Collider and
                        at the CERN Large Hadron Collider}",
      journal        = "Phys. Rev.",
      volume         = "C96",
      year           = "2017",
      number         = "1",
      pages          = "014911",
      doi            = "10.1103/PhysRevC.96.014911",
      eprint         = "1702.02378",
      archivePrefix  = "arXiv",
      primaryClass   = "nucl-th",
      SLACcitation   = "%%CITATION = ARXIV:1702.02378;%%"
}

@article{Paquet:2016ime,
      author         = "Paquet, Jean-François",
      title          = "{Electromagnetic probes of heavy ion collisions: recent
                        developments}",
      booktitle      = "{Proceedings, 8th International Conference on Hard and
                        Electromagnetic Probes of High-energy Nuclear Collisions:
                        Hard Probes 2016 (HP2016): Wuhan, Hubei, China, September
                        23-27, 2016}",
      journal        = "Nucl. Part. Phys. Proc.",
      volume         = "289-290",
      year           = "2017",
      pages          = "89-94",
      doi            = "10.1016/j.nuclphysbps.2017.05.017",
      eprint         = "1612.07359",
      archivePrefix  = "arXiv",
      primaryClass   = "nucl-th",
      SLACcitation   = "%%CITATION = ARXIV:1612.07359;%%"
}

@article{Chatterjee:2012dn,
      author         = "Chatterjee, Rupa and Holopainen, Hannu and Renk, Thorsten
                        and Eskola, Kari J.",
      title          = "{Collision centrality and $\tau_0$ dependence of the
                        emission of thermal photons from fluctuating initial state
                        in ideal hydrodynamic calculation}",
      journal        = "Phys. Rev.",
      volume         = "C85",
      year           = "2012",
      pages          = "064910",
      doi            = "10.1103/PhysRevC.85.064910",
      eprint         = "1204.2249",
      archivePrefix  = "arXiv",
      primaryClass   = "nucl-th",
      SLACcitation   = "%%CITATION = ARXIV:1204.2249;%%"
}
@article{Linnyk:2015tha,
      author         = "Linnyk, O. and Konchakovski, V. and Steinert, T. and
                        Cassing, W. and Bratkovskaya, E. L.",
      title          = "{Hadronic and partonic sources of direct photons in
                        relativistic heavy-ion collisions}",
      journal        = "Phys. Rev.",
      volume         = "C92",
      year           = "2015",
      number         = "5",
      pages          = "054914",
      doi            = "10.1103/PhysRevC.92.054914",
      eprint         = "1504.05699",
      archivePrefix  = "arXiv",
      primaryClass   = "nucl-th",
      SLACcitation   = "%%CITATION = ARXIV:1504.05699;%%"
}

@article{Eskola:2016oht,
      author         = "Eskola, Kari J. and Paakkinen, Petja and Paukkunen, Hannu
                        and Salgado, Carlos A.",
      title          = "{EPPS16: Nuclear parton distributions with LHC data}",
      journal        = "Eur. Phys. J.",
      volume         = "C77",
      year           = "2017",
      number         = "3",
      pages          = "163",
      doi            = "10.1140/epjc/s10052-017-4725-9",
      eprint         = "1612.05741",
      archivePrefix  = "arXiv",
      primaryClass   = "hep-ph",
      SLACcitation   = "%%CITATION = ARXIV:1612.05741;%%"
}
@article{Shen:2016zpp,
      author         = "Shen, Chun and Paquet, Jean-François and Denicol,
                        Gabriel S. and Jeon, Sangyong and Gale, Charles",
      title          = "{Collectivity and electromagnetic radiation in small
                        systems}",
      journal        = "Phys. Rev.",
      volume         = "C95",
      year           = "2017",
      number         = "1",
      pages          = "014906",
      doi            = "10.1103/PhysRevC.95.014906",
      eprint         = "1609.02590",
      archivePrefix  = "arXiv",
      primaryClass   = "nucl-th",
      SLACcitation   = "%%CITATION = ARXIV:1609.02590;%%"
}
@article{Jager:2002xm,
      author         = "Jager, B. and Schafer, A. and Stratmann, M. and
                        Vogelsang, W.",
      title          = "{Next-to-leading order QCD corrections to high p(T) pion
                        production in longitudinally polarized pp collisions}",
      journal        = "Phys. Rev.",
      volume         = "D67",
      year           = "2003",
      pages          = "054005",
      doi            = "10.1103/PhysRevD.67.054005",
      eprint         = "hep-ph/0211007",
      archivePrefix  = "arXiv",
      primaryClass   = "hep-ph",
      reportNumber   = "BNL-NT-02-23, RBRC-293",
      SLACcitation   = "%%CITATION = HEP-PH/0211007;%%"
}
@article{Acharya:2018dqe,
      author         = "Acharya, Shreyasi and others",
      title          = "{Direct photon production at low transverse momentum in
                        proton-proton collisions at $\mathbf{\sqrt{s}=2.76}$ and 8
                        TeV}",
      collaboration  = "ALICE",
      year           = "2018",
      eprint         = "1803.09857",
      archivePrefix  = "arXiv",
      primaryClass   = "nucl-ex",
      reportNumber   = "CERN-EP-2018-045",
      SLACcitation   = "%%CITATION = ARXIV:1803.09857;%%"
}
@article{Aurenche:2006vj,
      author         = "Aurenche, Patrick and Fontannaz, Michel and Guillet,
                        Jean-Philippe and Pilon, Eric and Werlen, Monique",
      title          = "{A New critical study of photon production in hadronic
                        collisions}",
      journal        = "Phys. Rev.",
      volume         = "D73",
      year           = "2006",
      pages          = "094007",
      doi            = "10.1103/PhysRevD.73.094007",
      eprint         = "hep-ph/0602133",
      archivePrefix  = "arXiv",
      primaryClass   = "hep-ph",
      reportNumber   = "LAPTH-1140-06, LPT-ORSAY-05-75",
      SLACcitation   = "%%CITATION = HEP-PH/0602133;%%"
}
@article{Bylinkin:2014fta,
      author         = "Bylinkin, A. A. and Rostovtsev, A. A.",
      title          = "{Role of quarks in hadroproduction in high energy
                        collisions}",
      journal        = "Nucl. Phys.",
      volume         = "B888",
      year           = "2014",
      pages          = "65-74",
      doi            = "10.1016/j.nuclphysb.2014.09.010",
      eprint         = "1404.7302",
      archivePrefix  = "arXiv",
      primaryClass   = "hep-ph",
      SLACcitation   = "%%CITATION = ARXIV:1404.7302;%%"
}
@article{Bylinkin:2014qea,
      author         = "Bylinkin, A. A. and Ryskin, M. G.",
      title          = "{Secondary hadron distributions in two component model}",
      journal        = "Phys. Rev.",
      volume         = "D90",
      year           = "2014",
      number         = "1",
      pages          = "017501",
      doi            = "10.1103/PhysRevD.90.017501",
      eprint         = "1404.4739",
      archivePrefix  = "arXiv",
      primaryClass   = "hep-ph",
      SLACcitation   = "%%CITATION = ARXIV:1404.4739;%%"
}
@article{Lyons:1988rp,
      author         = "Lyons, Louis and Gibaut, Duncan and Clifford, Peter",
      title          = "{How to Combine Correlated Estimates of a Single Physical
                        Quantity}",
      journal        = "Nucl. Instrum. Meth.",
      volume         = "A270",
      year           = "1988",
      pages          = "110",
      doi            = "10.1016/0168-9002(88)90018-6",
      reportNumber   = "PRINT-88-0048 (OXFORD), OXFORD-NP-5-88",
      SLACcitation   = "%%CITATION = NUIMA,A270,110;%%"
}
@article{Valassi:2003mu,
      author         = "Valassi, A.",
      title          = "{Combining correlated measurements of several different
                        physical quantities}",
      journal        = "Nucl. Instrum. Meth.",
      volume         = "A500",
      year           = "2003",
      pages          = "391-405",
      doi            = "10.1016/S0168-9002(03)00329-2",
      SLACcitation   = "%%CITATION = NUIMA,A500,391;%%"
}
@article{Valassi:2013bga,
      author         = "Valassi, Andrea and Chierici, Roberto",
      title          = "{Information and treatment of unknown correlations in the
                        combination of measurements using the BLUE method}",
      journal        = "Eur. Phys. J.",
      volume         = "C74",
      year           = "2014",
      pages          = "2717",
      doi            = "10.1140/epjc/s10052-014-2717-6",
      eprint         = "1307.4003",
      archivePrefix  = "arXiv",
      primaryClass   = "physics.data-an",
      reportNumber   = "CERN-IT-NOTE-2013-003",
      SLACcitation   = "%%CITATION = ARXIV:1307.4003;%%"
}
@article{Sjostrand:2006za,
      author         = "Sjostrand, Torbjorn and Mrenna, Stephen and Skands, Peter
                        Z.",
      title          = "{PYTHIA 6.4 Physics and Manual}",
      journal        = "JHEP",
      volume         = "05",
      year           = "2006",
      pages          = "026",
      doi            = "10.1088/1126-6708/2006/05/026",
      eprint         = "hep-ph/0603175",
      archivePrefix  = "arXiv",
      primaryClass   = "hep-ph",
      reportNumber   = "FERMILAB-PUB-06-052-CD-T, LU-TP-06-13",
      SLACcitation   = "%%CITATION = HEP-PH/0603175;%%"
}
@article{Sjostrand:2014zea,
      author         = "Sjöstrand, Torbjörn and Ask, Stefan and Christiansen,
                        Jesper R. and Corke, Richard and Desai, Nishita and Ilten,
                        Philip and Mrenna, Stephen and Prestel, Stefan and
                        Rasmussen, Christine O. and Skands, Peter Z.",
      title          = "{An Introduction to PYTHIA 8.2}",
      journal        = "Comput. Phys. Commun.",
      volume         = "191",
      year           = "2015",
      pages          = "159-177",
      doi            = "10.1016/j.cpc.2015.01.024",
      eprint         = "1410.3012",
      archivePrefix  = "arXiv",
      primaryClass   = "hep-ph",
      reportNumber   = "LU-TP-14-36, MCNET-14-22, CERN-PH-TH-2014-190,
                        FERMILAB-PUB-14-316-CD, DESY-14-178, SLAC-PUB-16122",
      SLACcitation   = "%%CITATION = ARXIV:1410.3012;%%"
}
@article{deFlorian:2014xna,
      author         = "de Florian, Daniel and Sassot, R. and Epele, Manuel and
                        Hernández-Pinto, Roger J. and Stratmann, Marco",
      title          = "{Parton-to-Pion Fragmentation Reloaded}",
      journal        = "Phys. Rev.",
      volume         = "D91",
      year           = "2015",
      number         = "1",
      pages          = "014035",
      doi            = "10.1103/PhysRevD.91.014035",
      eprint         = "1410.6027",
      archivePrefix  = "arXiv",
      primaryClass   = "hep-ph",
      SLACcitation   = "%%CITATION = ARXIV:1410.6027;%%"
}
@article{Aidala:2010bn,
      author         = "Aidala, Christine A. and Ellinghaus, Frank and Sassot,
                        Rodolfo and Seele, Joseph P. and Stratmann, Marco",
      title          = "{Global Analysis of Fragmentation Functions for Eta
                        Mesons}",
      journal        = "Phys. Rev.",
      volume         = "D83",
      year           = "2011",
      pages          = "034002",
      doi            = "10.1103/PhysRevD.83.034002",
      eprint         = "1009.6145",
      archivePrefix  = "arXiv",
      primaryClass   = "hep-ph",
      SLACcitation   = "%%CITATION = ARXIV:1009.6145;%%"
}
@article{deFlorian:2007aj,
      author         = "de Florian, Daniel and Sassot, Rodolfo and Stratmann,
                        Marco",
      title          = "{Global analysis of fragmentation functions for pions and
                        kaons and their uncertainties}",
      journal        = "Phys. Rev.",
      volume         = "D75",
      year           = "2007",
      pages          = "114010",
      doi            = "10.1103/PhysRevD.75.114010",
      eprint         = "hep-ph/0703242",
      archivePrefix  = "arXiv",
      primaryClass   = "HEP-PH",
      SLACcitation   = "%%CITATION = HEP-PH/0703242;%%"
}
@article{Sjostrand:2007gs,
      author         = "Sjostrand, Torbjorn and Mrenna, Stephen and Skands, Peter
                        Z.",
      title          = "{A Brief Introduction to PYTHIA 8.1}",
      journal        = "Comput. Phys. Commun.",
      volume         = "178",
      year           = "2008",
      pages          = "852-867",
      doi            = "10.1016/j.cpc.2008.01.036",
      eprint         = "0710.3820",
      archivePrefix  = "arXiv",
      primaryClass   = "hep-ph",
      reportNumber   = "CERN-LCGAPP-2007-04, LU-TP-07-28,
                        FERMILAB-PUB-07-512-CD-T",
      SLACcitation   = "%%CITATION = ARXIV:0710.3820;%%"
}
@article{Wang:1991hta,
      author         = "Wang, Xin-Nian and Gyulassy, Miklos",
      title          = "{HIJING: A Monte Carlo model for multiple jet production
                        in p p, p A and A A collisions}",
      journal        = "Phys. Rev.",
      volume         = "D44",
      year           = "1991",
      pages          = "3501-3516",
      doi            = "10.1103/PhysRevD.44.3501",
      reportNumber   = "LBL-31036",
      SLACcitation   = "%%CITATION = PHRVA,D44,3501;%%"
}
@techreport{Brun:1994aa,
      author         = "Brun, Rene and Carminati, Federico and Giani, Simone",
      title          = "{GEANT Detector Description and Simulation Tool}",
      institution    = "CERN",
      year           = "1994",
      number         = "CERN-W5013, CERN-W-5013",
      reportNumber   = "CERN-W5013, CERN-W-5013",
      SLACcitation   = "%%CITATION = CERN-W5013;%%"
}
@article{Adare:2010cy,
      author         = "Adare, A. and others",
      title          = "{Cross section and double helicity asymmetry for $\eta$
                        mesons and their comparison to neutral pion production in
                        p+p collisions at $sqrt(s)=200 GeV$}",
      collaboration  = "PHENIX",
      journal        = "Phys. Rev.",
      volume         = "D83",
      year           = "2011",
      pages          = "032001",
      doi            = "10.1103/PhysRevD.83.032001",
      eprint         = "1009.6224",
      archivePrefix  = "arXiv",
      primaryClass   = "hep-ex",
      SLACcitation   = "%%CITATION = ARXIV:1009.6224;%%"
}
@article{Abelev:2012cn,
      author         = "Abelev, B. and others",
      title          = "{Neutral pion and $\eta$ meson production in
                        proton-proton collisions at $\sqrt{s}=0.9$ TeV and
                        $\sqrt{s}=7$ TeV}",
      collaboration  = "ALICE Collaboration",
      journal        = "Phys. Lett.",
      volume         = "B717",
      year           = "2012",
      pages          = "162-172",
      doi            = "10.1016/j.physletb.2012.09.015",
      eprint         = "1205.5724",
      archivePrefix  = "arXiv",
      primaryClass   = "hep-ex",
      reportNumber   = "CERN-PH-EP-2012-001",
      SLACcitation   = "%%CITATION = ARXIV:1205.5724;%%"
}
@article{Brock:1994er,
      author         = "Brock, Raymond and others",
      title          = "{Handbook of perturbative QCD; Version 1.1: September
                        1994}",
      collaboration  = "CTEQ Collaboration",
      journal        = "Rev. Mod. Phys.",
      volume         = "67",
      year           = "1994",
      pages          = "157-248",
      doi            = "10.1103/RevModPhys.67.157",      
      reportNumber   = "FERMILAB-PUB-94-316",
      SLACcitation   = "%%CITATION = FERMILAB-PUB-94-316;%%"
}

@article{Cortese:2008zza,
      author         = "Cortese, P. and others",
      title          = "{ALICE electromagnetic calorimeter technical design
                        report}",
      collaboration  = "ALICE Collaboration",
      year           = "2008",
      journal        = "CERN-LHCC-2008-014, CERN-ALICE-TDR-014",
      reportNumber   = "CERN-LHCC-2008-014, CERN-ALICE-TDR-014",
      SLACcitation   = "%%CITATION = CERN-LHCC-2008-014;%%"
}
@article{Dellacasa:1999kd,
      author         = "Dellacasa, G. and others",
      title          = "{ALICE technical design report of the photon spectrometer
                        (PHOS)}",
      collaboration  = "ALICE Collaboration",
      year           = "1999",
      journal        = "CERN-LHCC-99-04",
      reportNumber   = "CERN-LHCC-99-04",
      SLACcitation   = "%%CITATION = CERN-LHCC-99-04;%%"
}

@article{Alme:2010ke,
      author         = "Alme, J. and others",
      title          = "{The ALICE TPC, a large 3-dimensional tracking device
                        with fast readout for ultra-high multiplicity events}",
      journal        = "Nucl. Instrum. Meth.",
      volume         = "A622",
      year           = "2010",
      pages          = "316-367",
      doi            = "10.1016/j.nima.2010.04.042",
      eprint         = "1001.1950",
      archivePrefix  = "arXiv",
      primaryClass   = "physics.ins-det",
      SLACcitation   = "%%CITATION = ARXIV:1001.1950;%%"
}
@article{Acharya:2017hyu,
      author         = "Acharya, Shreyasi and others",
      title          = "{Production of ${\pi ^0}$ and $\eta $ mesons up to high
                        transverse momentum in pp collisions at 2.76 TeV}",
      collaboration  = "ALICE Collaboration",
      journal        = "Eur. Phys. J.",
      volume         = "C77",
      year           = "2017",
      number         = "5",
      pages          = "339",
      doi            = "10.1140/epjc/s10052-017-5144-7,
                        10.1140/epjc/s10052-017-4890-x",
      eprint         = "1702.00917",
      archivePrefix  = "arXiv",
      primaryClass   = "hep-ex",
      reportNumber   = "CERN-EP-2017-019",
      SLACcitation   = "%%CITATION = ARXIV:1702.00917;%%"
}
@article{Acharya:2017tlv,
      author         = "Acharya, Shreyasi and others",
      title          = "{$\pi^0$ and $\eta$ meson production in proton-proton
                        collisions at $\sqrt{s}=8$ TeV}",
      collaboration  = "ALICE Collaboration",
      year           = "2017",
      eprint         = "1708.08745",
      archivePrefix  = "arXiv",
      primaryClass   = "hep-ex",
      reportNumber   = "CERN-EP-2017-216",
      SLACcitation   = "%%CITATION = ARXIV:1708.08745;%%"
}
@article{Tsallis:1987eu,
      author         = "Tsallis, Constantino",
      title          = "{Possible Generalization of Boltzmann-Gibbs Statistics}",
      journal        = "J. Statist. Phys.",
      volume         = "52",
      year           = "1988",
      pages          = "479-487",
      doi            = "10.1007/BF01016429",
      reportNumber   = "CBPF-NF-062-87",
      SLACcitation   = "%%CITATION = JSTPB,52,479;%%"
}
@article{Okubo:2017cvv,
      author         = "Okubo, Tsubasa",
      title          = "{Neutral meson production in p-Pb collisions with ALICE
                        at the LHC}",
      booktitle      = "{Proceedings, 46th International Symposium on
                        Multiparticle Dynamics (ISMD 2016): Jeju Island, South
                        Korea, August 29-September 2, 2016}",
      collaboration  = "ALICE Collaboration",
      journal        = "EPJ Web Conf.",
      volume         = "141",
      year           = "2017",
      pages          = "08010",
      doi            = "10.1051/epjconf/201714108010",
      SLACcitation   = "%%CITATION = 00776,141,08010;%%"
}
@article{Abelev:2014ypa,
      author         = "Abelev, Betty Bezverkhny and others",
      title          = "{Neutral pion production at midrapidity in pp and Pb-Pb
                        collisions at $\sqrt{s_{{\mathrm {NN}}}}= 2.76\,{\mathrm
                        {TeV}}$}",
      collaboration  = "ALICE Collaboration",
      journal        = "Eur. Phys. J.",
      volume         = "C74",
      year           = "2014",
      number         = "10",
      pages          = "3108",
      doi            = "10.1140/epjc/s10052-014-3108-8",
      eprint         = "1405.3794",
      archivePrefix  = "arXiv",
      primaryClass   = "nucl-ex",
      reportNumber   = "CERN-PH-EP-2014-091",
      SLACcitation   = "%%CITATION = ARXIV:1405.3794;%%"
}
@article{Aggarwal:2003zy,
      author         = "Aggarwal, M. M. and others",
      title          = "{Interferometry of direct photons in central
                        Pb-208+Pb-208 collisions at 158-A-GeV}",
      collaboration  = "WA98",
      journal        = "Phys. Rev. Lett.",
      volume         = "93",
      year           = "2004",
      pages          = "022301",
      doi            = "10.1103/PhysRevLett.93.022301",
      eprint         = "nucl-ex/0310022",
      archivePrefix  = "arXiv",
      primaryClass   = "nucl-ex",
      SLACcitation   = "%%CITATION = NUCL-EX/0310022;%%"
}

@article{Planck:2013jfk,
      author         = "Ade, P. A. R. and others",
      title          = "{Planck 2013 results. XXII. Constraints on inflation}",
      collaboration  = "Planck",
      journal        = "Astron. Astrophys.",
      volume         = "571",
      year           = "2014",
      pages          = "A22",
      doi            = "10.1051/0004-6361/201321569",
      eprint         = "1303.5082",
      archivePrefix  = "arXiv",
      primaryClass   = "astro-ph.CO",
      reportNumber   = "CERN-PH-TH-2013-135",
      SLACcitation   = "%%CITATION = ARXIV:1303.5082;%%"
}

@inproceedings{Alexander:2016aln,
      author         = "Alexander, Jim and others",
      title          = "{Dark Sectors 2016 Workshop: Community Report}",
      url            = "http://lss.fnal.gov/archive/2016/conf/fermilab-conf-16-421.pdf",
      year           = "2016",
      eprint         = "1608.08632",
      archivePrefix  = "arXiv",
      primaryClass   = "hep-ph",
      reportNumber   = "FERMILAB-CONF-16-421",
      SLACcitation   = "%%CITATION = ARXIV:1608.08632;%%"
}

@article{Adriani:2008zr,
      author         = "Adriani, Oscar and others",
      title          = "{An anomalous positron abundance in cosmic rays with
                        energies 1.5-100 GeV}",
      collaboration  = "PAMELA",
      journal        = "Nature",
      volume         = "458",
      year           = "2009",
      pages          = "607-609",
      doi            = "10.1038/nature07942",
      eprint         = "0810.4995",
      archivePrefix  = "arXiv",
      primaryClass   = "astro-ph",
      SLACcitation   = "%%CITATION = ARXIV:0810.4995;%%"
}

@article{FermiLAT:2011ab,
      author         = "Ackermann, M. and others",
      title          = "{Measurement of separate cosmic-ray electron and positron
                        spectra with the Fermi Large Area Telescope}",
      collaboration  = "Fermi-LAT",
      journal        = "Phys. Rev. Lett.",
      volume         = "108",
      year           = "2012",
      pages          = "011103",
      doi            = "10.1103/PhysRevLett.108.011103",
      eprint         = "1109.0521",
      archivePrefix  = "arXiv",
      primaryClass   = "astro-ph.HE",
      SLACcitation   = "%%CITATION = ARXIV:1109.0521;%%"
}

@article{Aguilar:2013qda,
      author         = "Aguilar, M. and others",
      title          = "{First Result from the Alpha Magnetic Spectrometer on the
                        International Space Station: Precision Measurement of the
                        Positron Fraction in Primary Cosmic Rays of 0.5-350
                        GeV}",
      collaboration  = "AMS",
      journal        = "Phys. Rev. Lett.",
      volume         = "110",
      year           = "2013",
      pages          = "141102",
      doi            = "10.1103/PhysRevLett.110.141102",
      SLACcitation   = "%%CITATION = PRLTA,110,141102;%%"
}

@article{Bennett:2006fi,
      author         = "Bennett, G. W. and others",
      title          = "{Final Report of the Muon E821 Anomalous Magnetic Moment
                        Measurement at BNL}",
      collaboration  = "Muon g-2",
      journal        = "Phys. Rev.",
      volume         = "D73",
      year           = "2006",
      pages          = "072003",
      doi            = "10.1103/PhysRevD.73.072003",
      eprint         = "hep-ex/0602035",
      archivePrefix  = "arXiv",
      primaryClass   = "hep-ex",
      SLACcitation   = "%%CITATION = HEP-EX/0602035;%%"
}

@article{Riordan:1987aw,
      author         = "Riordan, E. M. and others",
      title          = "{A Search for Short Lived Axions in an Electron Beam Dump
                        Experiment}",
      journal        = "Phys. Rev. Lett.",
      volume         = "59",
      year           = "1987",
      pages          = "755",
      doi            = "10.1103/PhysRevLett.59.755",
      reportNumber   = "SLAC-PUB-4280, UR-993, FERMILAB-PUB-87-251",
      SLACcitation   = "%%CITATION = PRLTA,59,755;%%"
}

@article{Bjorken:1988as,
      author         = "Bjorken, J. D. and Ecklund, S. and Nelson, W. R. and
                        Abashian, A. and Church, C. and Lu, B. and Mo, L. W. and
                        Nunamaker, T. A. and Rassmann, P.",
      title          = "{Search for Neutral Metastable Penetrating Particles
                        Produced in the SLAC Beam Dump}",
      journal        = "Phys. Rev.",
      volume         = "D38",
      year           = "1988",
      pages          = "3375",
      doi            = "10.1103/PhysRevD.38.3375",
      reportNumber   = "FERMILAB-PUB-88-044, PRINT-88-0352 (FERMILAB)",
      SLACcitation   = "%%CITATION = PHRVA,D38,3375;%%"
}


@article{Bross:1989mp,
      author         = "Bross, A. and Crisler, M. and Pordes, Stephen H. and
                        Volk, J. and Errede, S. and Wrbanek, J.",
      title          = "{A Search for Shortlived Particles Produced in an
                        Electron Beam Dump}",
      journal        = "Phys. Rev. Lett.",
      volume         = "67",
      year           = "1991",
      pages          = "2942-2945",
      doi            = "10.1103/PhysRevLett.67.2942",
      reportNumber   = "FERMILAB-PUB-89-138-E",
      SLACcitation   = "%%CITATION = PRLTA,67,2942;%%"
}

@article{Merkel:2014avp,
      author         = "Merkel, H. and others",
      title          = "{Search at the Mainz Microtron for Light Massive Gauge
                        Bosons Relevant for the Muon g-2 Anomaly}",
      journal        = "Phys. Rev. Lett.",
      volume         = "112",
      year           = "2014",
      number         = "22",
      pages          = "221802",
      doi            = "10.1103/PhysRevLett.112.221802",
      eprint         = "1404.5502",
      archivePrefix  = "arXiv",
      primaryClass   = "hep-ex",
      SLACcitation   = "%%CITATION = ARXIV:1404.5502;%%"
}

@article{Abrahamyan:2011gv,
      author         = "Abrahamyan, S. and others",
      title          = "{Search for a New Gauge Boson in Electron-Nucleus
                        Fixed-Target Scattering by the APEX Experiment}",
      collaboration  = "APEX",
      journal        = "Phys. Rev. Lett.",
      volume         = "107",
      year           = "2011",
      pages          = "191804",
      doi            = "10.1103/PhysRevLett.107.191804",
      eprint         = "1108.2750",
      archivePrefix  = "arXiv",
      primaryClass   = "hep-ex",
      reportNumber   = "JLAB-PHY-11-1406, SLAC-PUB-14491",
      SLACcitation   = "%%CITATION = ARXIV:1108.2750;%%"
}

@inproceedings{Balewski:2013oza,
      author         = "Balewski, J. and others",
      title          = "{DarkLight: A Search for Dark Forces at the Jefferson
                        Laboratory Free-Electron Laser Facility}",
      booktitle      = "{Proceedings, 2013 Community Summer Study on the Future
                        of U.S. Particle Physics: Snowmass on the Mississippi
                        (CSS2013): Minneapolis, MN, USA, July 29-August 6, 2013}",
      url            = "https://misportal.jlab.org/ul/publications/view_pub.cfm?pub_id=12467",
      year           = "2013",
      eprint         = "1307.4432",
      archivePrefix  = "arXiv",
      primaryClass   = "physics.ins-det",
      reportNumber   = "JLAB-FEL-13-1743",
      SLACcitation   = "%%CITATION = ARXIV:1307.4432;%%"
}

@article{Lees:2014xha,
      author         = "Lees, J. P. and others",
      title          = "{Search for a Dark Photon in $e^+e^-$ Collisions at
                        BaBar}",
      collaboration  = "BaBar",
      journal        = "Phys. Rev. Lett.",
      volume         = "113",
      year           = "2014",
      number         = "20",
      pages          = "201801",
      doi            = "10.1103/PhysRevLett.113.201801",
      eprint         = "1406.2980",
      archivePrefix  = "arXiv",
      primaryClass   = "hep-ex",
      reportNumber   = "BABAR-PUB-14-002, SLAC-PUB-15979",
      SLACcitation   = "%%CITATION = ARXIV:1406.2980;%%"
}

@article{Batley:2015lha,
      author         = "Batley, J. R. and others",
      title          = "{Search for the dark photon in $\pi^0$ decays}",
      collaboration  = "NA48/2",
      journal        = "Phys. Lett.",
      volume         = "B746",
      year           = "2015",
      pages          = "178-185",
      doi            = "10.1016/j.physletb.2015.04.068",
      eprint         = "1504.00607",
      archivePrefix  = "arXiv",
      primaryClass   = "hep-ex",
      reportNumber   = "CERN-PH-EP-2015-093",
      SLACcitation   = "%%CITATION = ARXIV:1504.00607;%%"
}


@inproceedings{Moskal:2014dsa,
      author         = "Moskal, Pawel",
      title          = "{Search for a dark photon with the WASA detector at
                        COSY}",
      booktitle      = "{Proceedings, 49th Rencontres de Moriond on QCD and High
                        Energy Interactions: La Thuile, Italy, March 22-29, 2014}",
      collaboration  = "WASA-at-COSY",
      year           = "2014",
      pages          = "237-242",
      eprint         = "1406.5738",
      archivePrefix  = "arXiv",
      primaryClass   = "nucl-ex",
      SLACcitation   = "%%CITATION = ARXIV:1406.5738;%%"
}

@article{Agakishiev:2013fwl,
      author         = "Agakishiev, G. and others",
      title          = "{Searching a Dark Photon with HADES}",
      collaboration  = "HADES",
      journal        = "Phys. Lett.",
      volume         = "B731",
      year           = "2014",
      pages          = "265-271",
      doi            = "10.1016/j.physletb.2014.02.035",
      eprint         = "1311.0216",
      archivePrefix  = "arXiv",
      primaryClass   = "hep-ex",
      SLACcitation   = "%%CITATION = ARXIV:1311.0216;%%"
}

@article{Adare:2014mgk,
      author         = "Adare, A. and others",
      title          = "{Search for dark photons from neutral meson decays in $p
                        + p$ and $d$ + Au collisions at $\sqrt{s_{NN}} =$ 200
                        GeV}",
      collaboration  = "PHENIX",
      journal        = "Phys. Rev.",
      volume         = "C91",
      year           = "2015",
      number         = "3",
      pages          = "031901",
      doi            = "10.1103/PhysRevC.91.031901",
      eprint         = "1409.0851",
      archivePrefix  = "arXiv",
      primaryClass   = "nucl-ex",
      SLACcitation   = "%%CITATION = ARXIV:1409.0851;%%"
}

@article{Aaij:2017rft,
      author         = "Aaij, Roel and others",
      title          = "{Search for Dark Photons Produced in 13 TeV $pp$
                        Collisions}",
      collaboration  = "LHCb",
      journal        = "Phys. Rev. Lett.",
      volume         = "120",
      year           = "2018",
      number         = "6",
      pages          = "061801",
      doi            = "10.1103/PhysRevLett.120.061801",
      eprint         = "1710.02867",
      archivePrefix  = "arXiv",
      primaryClass   = "hep-ex",
      reportNumber   = "LHCB-PAPER-2017-038, CERN-EP-2017-248",
      SLACcitation   = "%%CITATION = ARXIV:1710.02867;%%"
}

@article{Archilli:2011zc,
      author         = "Archilli, F. and others",
      title          = "{Search for a vector gauge boson in $\phi$ meson decays
                        with the KLOE detector}",
      collaboration  = "KLOE-2",
      journal        = "Phys. Lett.",
      volume         = "B706",
      year           = "2012",
      pages          = "251-255",
      doi            = "10.1016/j.physletb.2011.11.033",
      eprint         = "1110.0411",
      archivePrefix  = "arXiv",
      primaryClass   = "hep-ex",
      SLACcitation   = "%%CITATION = ARXIV:1110.0411;%%"
}
@article{Baym:2017qxy,
      author         = "Baym, Gordon and Hatsuda, Tetsuo and Strickland, Michael",
      title          = "{Virtual photon polarization in ultrarelativistic
                        heavy-ion collisions}",
      journal        = "Phys. Rev.",
      volume         = "C95",
      year           = "2017",
      number         = "4",
      pages          = "044907",
      doi            = "10.1103/PhysRevC.95.044907",
      eprint         = "1702.05906",
      archivePrefix  = "arXiv",
      primaryClass   = "nucl-th",
      reportNumber   = "RIKEN-QHP-251",
      SLACcitation   = "%%CITATION = ARXIV:1702.05906;%%"
}
@article{Collins:1977iv,
      author         = "Collins, John C. and Soper, Davison E.",
      title          = "{Angular Distribution of Dileptons in High-Energy Hadron
                        Collisions}",
      journal        = "Phys. Rev.",
      volume         = "D16",
      year           = "1977",
      pages          = "2219",
      doi            = "10.1103/PhysRevD.16.2219",
      reportNumber   = "Print-77-0288 (PRINCETON)",
      SLACcitation   = "%%CITATION = PHRVA,D16,2219;%%"
}
@article{Lam:1978pu,
      author         = "Lam, C. S. and Tung, Wu-Ki",
      title          = "{A Systematic Approach to Inclusive Lepton Pair
                        Production in Hadronic Collisions}",
      journal        = "Phys. Rev.",
      volume         = "D18",
      year           = "1978",
      pages          = "2447",
      doi            = "10.1103/PhysRevD.18.2447",
      reportNumber   = "Print-78-0553 (MCGILL)",
      SLACcitation   = "%%CITATION = PHRVA,D18,2447;%%"
}
@article{Lam:1980uc,
      author         = "Lam, C. S. and Tung, Wu-Ki",
      title          = "{A Parton Model Relation Sans {QCD} Modifications in
                        Lepton Pair Productions}",
      journal        = "Phys. Rev.",
      volume         = "D21",
      year           = "1980",
      pages          = "2712",
      doi            = "10.1103/PhysRevD.21.2712",
      reportNumber   = "SLAC-PUB-2454",
      SLACcitation   = "%%CITATION = PHRVA,D21,2712;%%"
}

@article{Ardid:2017lry,
      author         = "Ardid, M. and Felis, I. and Herrero, A. and
                        Mart{\'i}nez-Mora, J. A.",
      title          = "{Constraining Secluded Dark Matter models with the public
                        data from the 79-string IceCube search for dark matter in
                        the Sun}",
      journal        = "JCAP",
      volume         = "1704",
      year           = "2017",
      number         = "04",
      pages          = "010",
      doi            = "10.1088/1475-7516/2017/04/010",
      eprint         = "1701.08863",
      archivePrefix  = "arXiv",
      primaryClass   = "astro-ph.HE",
      SLACcitation   = "%%CITATION = ARXIV:1701.08863;%%"
}

@article{Ilten:2018crw,
      author         = "Ilten, Philip and Soreq, Yotam and Williams, Mike and
                        Xue, Wei",
      title          = "{Serendipity in dark photon searches}",
      journal        = "JHEP",
      volume         = "06",
      year           = "2018",
      pages          = "004",
      doi            = "10.1007/JHEP06(2018)004",
      eprint         = "1801.04847",
      archivePrefix  = "arXiv",
      primaryClass   = "hep-ph",
      reportNumber   = "MIT-CTP/4976, CERN-TH-2017-282, MIT-CTP-4976",
      SLACcitation   = "%%CITATION = ARXIV:1801.04847;%%"
}

@article{Ilten:2016tkc,
      author         = "Ilten, Philip and Soreq, Yotam and Thaler, Jesse and
                        Williams, Mike and Xue, Wei",
      title          = "{Proposed Inclusive Dark Photon Search at LHCb}",
      journal        = "Phys. Rev. Lett.",
      volume         = "116",
      year           = "2016",
      number         = "25",
      pages          = "251803",
      doi            = "10.1103/PhysRevLett.116.251803",
      eprint         = "1603.08926",
      archivePrefix  = "arXiv",
      primaryClass   = "hep-ph",
      reportNumber   = "MIT-CTP-4785",
      SLACcitation   = "%%CITATION = ARXIV:1603.08926;%%"
}

@article{Klusek-Gawenda:2018zfz,
      author         = "Klusek-Gawenda, Mariola and Rapp, Ralf and Sch{\"a}fer,
                        Wolfgang and Szczurek, Antoni",
      title          = "{Dilepton Radiation in Heavy-Ion Collisions at Small
                        Transverse Momentum}",
      year           = "2018",
      eprint         = "1809.07049",
      archivePrefix  = "arXiv",
      primaryClass   = "nucl-th",
      SLACcitation   = "%%CITATION = ARXIV:1809.07049;%%"
}


