% -- include here the bibtex style bibliography items for your section


@article{Abelevetal:2014cna,
      author         = "Abelev, B and others",
      title          = "{Upgrade of the ALICE Experiment: Letter Of Intent}",
      collaboration  = "ALICE",
      journal        = "J. Phys.",
      volume         = "G41",
      year           = "2014",
      pages          = "087001",
      doi            = "10.1088/0954-3899/41/8/087001",
      reportNumber   = "CERN-LHCC-2012-012, CERN-LHCC-I-022, ALICE-UG-001",
      SLACcitation   = "%%CITATION = JPAGA,G41,087001;%%"
}


