% -- include here the bibtex style bibliography items for your section

%% INTRODUCTION %%%%%

@article{Adam:2015nna,
      author         = "Adam, Jaroslav and others",
      title          = "{Centrality dependence of high-p$_{T}$ D meson
                        suppression in Pb-Pb collisions at $
                        \sqrt{s_{\mathrm{N}\mathrm{N}}}=2.76 $ TeV}",
      collaboration  = "ALICE",
      journal        = "JHEP",
      volume         = "11",
      year           = "2015",
      pages          = "205",
      doi            = "10.1007/JHEP11(2015)205, 10.1007/JHEP06(2017)032",
      note           = "[Addendum: JHEP06,032(2017)]",
      eprint         = "1506.06604",
      archivePrefix  = "arXiv",
      primaryClass   = "nucl-ex",
      reportNumber   = "CERN-PH-EP-2015-151",
      SLACcitation   = "%%CITATION = ARXIV:1506.06604;%%"
}



@article{Khachatryan:2016ypw,
      author         = "Khachatryan, Vardan and others",
      title          = "{Suppression and azimuthal anisotropy of prompt and
                       nonprompt ${\mathrm{J}}/\psi $ production in PbPb
                       collisions at $\sqrt{s_{\mathrm{N}\mathrm{N}}}=2.76$ TeV}",
      collaboration  = "CMS",
      journal        = "Eur. Phys. J.",
      volume         = "C77",
      year           = "2017",
      number         = "4",
      pages          = "252",
      doi            = "10.1140/epjc/s10052-017-4781-1",
      eprint         = "1610.00613",
      archivePrefix  = "arXiv",
      primaryClass   = "nucl-ex",
      reportNumber   = "CMS-HIN-14-005, CERN-EP-2016-243",
      SLACcitation   = "%%CITATION = ARXIV:1610.00613;%%"
}

%% RAAv2DB SECTION

%% HADRONIZATION SECTION

%% JET CORR SECTION %%%%
@article{LHCb-PAPER-2012-003,
      author         = "Aaij, R. and others",
      title          = "{Observation of double charm production involving open
                         charm in proton-proton collisions at $\sqrt{s}=7\UTeV$}",
      collaboration  = "LHCb collaboration",
      journal        = "JHEP",
      volume         = "06",
      pages          = "141",
      doi            = "10.1007/JHEP06(2012)141",
      year           = "2012",
      eprint         = "1205.0975",
      archivePrefix  = "arXiv",
      primaryClass   = "hep-ex",
      report         = "CERN-PH-2012-109, LHCb-PAPER-2012-003",
      extraPrefix    = "Addendum",
      extraVolume    = "03",
      extraPages     = "108",
      extraYear      = "2014",
      extraDoi       = "10.1007/JHEP03(2014)108",
      SLACcitation   = "%%CITATION = ARXIV:1205.0975;%%",
}


%% v1 SECTION

@article{Das:2016cwd,
      author         = "Das, Santosh K. and Plumari, Salvatore and Chatterjee,
                        Sandeep and Alam, Jane and Scardina, Francesco and Greco,
                        Vincenzo",
      title          = "{Directed Flow of Charm Quarks as a Witness of the
                        Initial Strong Magnetic Field in Ultra-Relativistic Heavy
                        Ion Collisions}",
      journal        = "Phys. Lett.",
      volume         = "B768",
      year           = "2017",
      pages          = "260-264",
      doi            = "10.1016/j.physletb.2017.02.046",
      eprint         = "1608.02231",
      archivePrefix  = "arXiv",
      primaryClass   = "nucl-th",
      SLACcitation   = "%%CITATION = ARXIV:1608.02231;%%"
}

@article{Chatterjee:2018lsx,
      author         = "Chatterjee, Sandeep and Bozek, Piotr",
      title          = "{Interplay of drag by hot matter and electromagnetic
                        force on the directed flow of heavy quarks, }",
      year           = "2018",
      eprint         = "1804.04893",
      archivePrefix  = "arXiv",
      primaryClass   = "nucl-th",
      SLACcitation   = "%%CITATION = ARXIV:1804.04893;%%"
}

@article{Plumari,
      author         = "S. Plumari",
      title          = "{Transport properties from Charm to Bottom: pT suppression, anisotropic  flow vn and their correlations to the bulk dynamics, QM18 proceedings}"
}
@article{Sandeep,
      author         = "S. Chatterjee",
      title          = "{Strong directed flow of heavy flavor as a probe of matter distribution in heavy-ion collisions, QM18 proceedings}"
}

@article{Singha,
      author         = "S. Singha",
      title          = "{Measurements of directed and elliptic flow for D0 and D0bar mesons using the STAR detector at RHIC, QM18 proceedings}"
}

@article{Blok:2017pui,
      author         = "Blok, Boris and Jäkel, Christian D. and Strikman, Mark
                        and Wiedemann, Urs Achim",
      title          = "{Collectivity from interference}",
      journal        = "JHEP",
      volume         = "12",
      year           = "2017",
      pages          = "074",
      doi            = "10.1007/JHEP12(2017)074",
      eprint         = "1708.08241",
      archivePrefix  = "arXiv",
      primaryClass   = "hep-ph",
      reportNumber   = "CERN-TH-2017-179",
      SLACcitation   = "%%CITATION = ARXIV:1708.08241;%%"
}

@article{Khachatryan:2010gv,
      author         = "Khachatryan, Vardan and others",
      title          = "{Observation of Long-Range Near-Side Angular Correlations
                        in Proton-Proton Collisions at the LHC}",
      collaboration  = "CMS",
      journal        = "JHEP",
      volume         = "09",
      year           = "2010",
      pages          = "091",
      doi            = "10.1007/JHEP09(2010)091",
      eprint         = "1009.4122",
      archivePrefix  = "arXiv",
      primaryClass   = "hep-ex",
      reportNumber   = "CMS-QCD-10-002, CERN-PH-EP-2010-031",
      SLACcitation   = "%%CITATION = ARXIV:1009.4122;%%"
}

@article{CMS:2012qk,
      author         = "Chatrchyan, Serguei and others",
      title          = "{Observation of long-range near-side angular correlations
                        in proton-lead collisions at the LHC}",
      collaboration  = "CMS",
      journal        = "Phys. Lett.",
      volume         = "B718",
      year           = "2013",
      pages          = "795-814",
      doi            = "10.1016/j.physletb.2012.11.025",
      eprint         = "1210.5482",
      archivePrefix  = "arXiv",
      primaryClass   = "nucl-ex",
      reportNumber   = "CMS-HIN-12-005, CERN-PH-EP-2012-320, CMS-HIN-12-015",
      SLACcitation   = "%%CITATION = ARXIV:1210.5482;%%"
}

@article{Abelev:2012ola,
      author         = "Abelev, Betty and others",
      title          = "{Long-range angular correlations on the near and away
                        side in $p$-Pb collisions at $\sqrt{s_{NN}}=5.02$ TeV}",
      collaboration  = "ALICE",
      journal        = "Phys. Lett.",
      volume         = "B719",
      year           = "2013",
      pages          = "29-41",
      doi            = "10.1016/j.physletb.2013.01.012",
      eprint         = "1212.2001",
      archivePrefix  = "arXiv",
      primaryClass   = "nucl-ex",
      reportNumber   = "CERN-PH-EP-2012-359",
      SLACcitation   = "%%CITATION = ARXIV:1212.2001;%%"
}

@article{Aad:2012gla,
      author         = "Aad, Georges and others",
      title          = "{Observation of Associated Near-Side and Away-Side
                        Long-Range Correlations in $\sqrt{s_{NN}}$=5.02  TeV
                        Proton-Lead Collisions with the ATLAS Detector}",
      collaboration  = "ATLAS",
      journal        = "Phys. Rev. Lett.",
      volume         = "110",
      year           = "2013",
      number         = "18",
      pages          = "182302",
      doi            = "10.1103/PhysRevLett.110.182302",
      eprint         = "1212.5198",
      archivePrefix  = "arXiv",
      primaryClass   = "hep-ex",
      reportNumber   = "CERN-PH-EP-2012-366",
      SLACcitation   = "%%CITATION = ARXIV:1212.5198;%%"
}

@article{ABELEV:2013wsa,
      author         = "Abelev, Betty Bezverkhny and others",
      title          = "{Long-range angular correlations of $\rm \pi$, K and p in
                        p-Pb collisions at $\sqrt{s_{\rm NN}}$ = 5.02 TeV}",
      collaboration  = "ALICE",
      journal        = "Phys. Lett.",
      volume         = "B726",
      year           = "2013",
      pages          = "164-177",
      doi            = "10.1016/j.physletb.2013.08.024",
      eprint         = "1307.3237",
      archivePrefix  = "arXiv",
      primaryClass   = "nucl-ex",
      reportNumber   = "CERN-PH-EP-2013-115",
      SLACcitation   = "%%CITATION = ARXIV:1307.3237;%%"
}

@article{Khachatryan:2015waa,
      author         = "Khachatryan, Vardan and others",
      title          = "{Evidence for Collective Multiparticle Correlations in
                        p-Pb Collisions}",
      collaboration  = "CMS",
      journal        = "Phys. Rev. Lett.",
      volume         = "115",
      year           = "2015",
      number         = "1",
      pages          = "012301",
      doi            = "10.1103/PhysRevLett.115.012301",
      eprint         = "1502.05382",
      archivePrefix  = "arXiv",
      primaryClass   = "nucl-ex",
      reportNumber   = "CMS-HIN-14-006, CERN-PH-EP-2015-011",
      SLACcitation   = "%%CITATION = ARXIV:1502.05382;%%"
}

@article{Dusling:2013qoz,
      author         = "Dusling, Kevin and Venugopalan, Raju",
      title          = "{Comparison of the color glass condensate to dihadron
                        correlations in proton-proton and proton-nucleus
                        collisions}",
      journal        = "Phys. Rev.",
      volume         = "D87",
      year           = "2013",
      number         = "9",
      pages          = "094034",
      doi            = "10.1103/PhysRevD.87.094034",
      eprint         = "1302.7018",
      archivePrefix  = "arXiv",
      primaryClass   = "hep-ph",
      SLACcitation   = "%%CITATION = ARXIV:1302.7018;%%"
}

@article{Bzdak:2014dia,
      author         = "Bzdak, Adam and Ma, Guo-Liang",
      title          = "{Elliptic and triangular flow in $p$+Pb and peripheral
                        Pb+Pb collisions from parton scatterings}",
      journal        = "Phys. Rev. Lett.",
      volume         = "113",
      year           = "2014",
      number         = "25",
      pages          = "252301",
      doi            = "10.1103/PhysRevLett.113.252301",
      eprint         = "1406.2804",
      archivePrefix  = "arXiv",
      primaryClass   = "hep-ph",
      SLACcitation   = "%%CITATION = ARXIV:1406.2804;%%"
}

@article{Beraudo:2015wsd,
      author         = "Beraudo, Andrea and De Pace, Arturo and Monteno, Marco
                        and Nardi, Marzia and Prino, Francesco",
      title          = "{Heavy-flavour production in high-energy d-Au and p-Pb
                        collisions}",
      journal        = "JHEP",
      volume         = "03",
      year           = "2016",
      pages          = "123",
      doi            = "10.1007/JHEP03(2016)123",
      eprint         = "1512.05186",
      archivePrefix  = "arXiv",
      primaryClass   = "hep-ph",
      SLACcitation   = "%%CITATION = ARXIV:1512.05186;%%"
}
