% -- include here the bibtex style bibliography items for your section

@article{Kusina:2017gkz,
      author         = "Kusina, Aleksander and Lansberg, Jean-Philippe and
                        Schienbein, Ingo and Shao, Hua-Sheng",
      title          = "{Gluon shadowing and antishadowing in heavy-flavor
                        production at the LHC}",
      year           = "2017",
      eprint         = "1712.07024",
      archivePrefix  = "arXiv",
      primaryClass   = "hep-ph",
      SLACcitation   = "%%CITATION = ARXIV:1712.07024;%%"
}

@article{Emelyanov:1998phs,
      author         = "Emel'yanov, V. and Khodinov, A. and Klein, S. R. and
                        Vogt, R.",
      title          = "{Impact parameter dependence of J / psi and Drell-Yan
                        production in heavy ion collisions at S**(1/2) (N N) =
                        17.3-GeV}",
      journal        = "Phys. Rev.",
      volume         = "C59",
      year           = "1999",
      pages          = "1860-1863",
      doi            = "10.1103/PhysRevC.59.R1860",
      eprint         = "hep-ph/9809222",
      archivePrefix  = "arXiv",
      primaryClass   = "hep-ph",
      reportNumber   = "LBL-42170, LBNL-42170",
      SLACcitation   = "%%CITATION = HEP-PH/9809222;%%"
}

@article{Ferreiro:2008wc,
      author         = "Ferreiro, E. G. and Fleuret, F. and Lansberg, J. P. and
                        Rakotozafindrabe, A.",
      title          = "{Cold nuclear matter effects on J/psi production:
                        Intrinsic and extrinsic transverse momentum effects}",
      journal        = "Phys. Lett.",
      volume         = "B680",
      year           = "2009",
      pages          = "50-55",
      doi            = "10.1016/j.physletb.2009.07.076",
      eprint         = "0809.4684",
      archivePrefix  = "arXiv",
      primaryClass   = "hep-ph",
      reportNumber   = "SLAC-PUB-13530",
      SLACcitation   = "%%CITATION = ARXIV:0809.4684;%%"
}

@article{Helenius:2012wd,
      author         = "Helenius, Ilkka and Eskola, Kari J. and Honkanen, Heli
                        and Salgado, Carlos A.",
      title          = "{Impact-Parameter Dependent Nuclear Parton Distribution
                        Functions: EPS09s and EKS98s and Their Applications in
                        Nuclear Hard Processes}",
      journal        = "JHEP",
      volume         = "07",
      year           = "2012",
      pages          = "073",
      doi            = "10.1007/JHEP07(2012)073",
      eprint         = "1205.5359",
      archivePrefix  = "arXiv",
      primaryClass   = "hep-ph",
      reportNumber   = "CERN-PH-TH-2012-145",
      SLACcitation   = "%%CITATION = ARXIV:1205.5359;%%"
}

@article{Frankfurt:2011cs,
      author         = "Frankfurt, L. and Guzey, V. and Strikman, M.",
      title          = "{Leading Twist Nuclear Shadowing Phenomena in Hard
                        Processes with Nuclei}",
      journal        = "Phys. Rept.",
      volume         = "512",
      year           = "2012",
      pages          = "255-393",
      doi            = "10.1016/j.physrep.2011.12.002",
      eprint         = "1106.2091",
      archivePrefix  = "arXiv",
      primaryClass   = "hep-ph",
      reportNumber   = "JLAB-THY-11-1379",
      SLACcitation   = "%%CITATION = ARXIV:1106.2091;%%"
}

@article{Armesto:2003fi,
      author         = "Armesto, N. and Capella, A. and Kaidalov, A. B. and
                        Lopez-Albacete, J. and Salgado, C. A.",
      title          = "{Nuclear structure functions at small x from inelastic
                        shadowing and diffraction}",
      journal        = "Eur. Phys. J.",
      volume         = "C29",
      year           = "2003",
      pages          = "531-540",
      doi            = "10.1140/epjc/s2003-01243-0",
      eprint         = "hep-ph/0304119",
      archivePrefix  = "arXiv",
      primaryClass   = "hep-ph",
      reportNumber   = "CERN-TH-2003-066, LPT-ORSAY-03-21, UCOFIS-2-03",
      SLACcitation   = "%%CITATION = HEP-PH/0304119;%%"
}

@article{Kovner:2016wsq,
      author         = "Kovner, Alex and Altinoluk, Tolga and Armesto, Nestor and
                        Beuf, Guillaume and Lublinsky, Michael",
      title          = "{Initial state correlations}",
      booktitle      = "{Proceedings, QCD Evolution Workshop (QCD 2016):
                        Amsterdam, Netherlands, May 30-June 3, 2016}",
      journal        = "PoS",
      volume         = "QCDEV2016",
      year           = "2017",
      pages          = "010",
      SLACcitation   = "%%CITATION = POSCI,QCDEV2016,010;%%"
}

@book{Kovchegov:2012mbw,
      author         = "Kovchegov, Yuri V. and Levin, Eugene",
      title          = "{Quantum chromodynamics at high energy}",
      publisher      = "Cambridge University Press",
      year           = "2012",
      url            = "http://www.cambridge.org/de/knowledge/isbn/item6803159",
      journal        = "Camb. Monogr. Part. Phys. Nucl. Phys. Cosmol.",
      volume         = "33",
      ISBN           = "9780521112574, 9780521112574, 9781139557689",
      SLACcitation   = "%%CITATION = CMPCE,33,;%%"
}

@article{Gribov:1984tu,
      author         = "Gribov, L. V. and Levin, E. M. and Ryskin, M. G.",
      title          = "{Semihard Processes in QCD}",
      journal        = "Phys. Rept.",
      volume         = "100",
      year           = "1983",
      pages          = "1-150",
      doi            = "10.1016/0370-1573(83)90022-4",
      SLACcitation   = "%%CITATION = PRPLC,100,1;%%"
}

@article{Mueller:1985wy,
      author         = "Mueller, Alfred H. and Qiu, Jian-wei",
      title          = "{Gluon Recombination and Shadowing at Small Values of x}",
      journal        = "Nucl. Phys.",
      volume         = "B268",
      year           = "1986",
      pages          = "427-452",
      doi            = "10.1016/0550-3213(86)90164-1",
      reportNumber   = "CU-TP-322",
      SLACcitation   = "%%CITATION = NUPHA,B268,427;%%"
}

@article{Gelis:2010nm,
      author         = "Gelis, Francois and Iancu, Edmond and Jalilian-Marian,
                        Jamal and Venugopalan, Raju",
      title          = "{The Color Glass Condensate}",
      journal        = "Ann. Rev. Nucl. Part. Sci.",
      volume         = "60",
      year           = "2010",
      pages          = "463-489",
      doi            = "10.1146/annurev.nucl.010909.083629",
      eprint         = "1002.0333",
      archivePrefix  = "arXiv",
      primaryClass   = "hep-ph",
      SLACcitation   = "%%CITATION = ARXIV:1002.0333;%%"
}

@article{Salgado:2011wc,
      author         = "Salgado, C. A. and others",
      title          = "{Proton-Nucleus Collisions at the LHC: Scientific
                        Opportunities and Requirements}",
      journal        = "J. Phys.",
      volume         = "G39",
      year           = "2012",
      pages          = "015010",
      doi            = "10.1088/0954-3899/39/1/015010",
      eprint         = "1105.3919",
      archivePrefix  = "arXiv",
      primaryClass   = "hep-ph",
      reportNumber   = "CERN-PH-TH-2011-119, LHC-PROJECT-REPORT-1181,
                        FERMILAB-PUB-11-841-T",
      SLACcitation   = "%%CITATION = ARXIV:1105.3919;%%"
}

@article{Baltz:2007kq,
      author         = "Baltz, A. J.",
      editor         = "Baur, G. and d'Enterria, D. and Frankfurt, L. and Gelis,
                        F. and Guzey, V. and Hencken, K. and Kharlov, Yu. and
                        Klasen, M. and Klein, S. R. and Nikulin, V. and others ",
      title          = "{The Physics of Ultraperipheral Collisions at the LHC}",
      journal        = "Phys. Rept.",
      volume         = "458",
      year           = "2008",
      pages          = "1-171",
      doi            = "10.1016/j.physrep.2007.12.001",
      eprint         = "0706.3356",
      archivePrefix  = "arXiv",
      primaryClass   = "nucl-ex",
      SLACcitation   = "%%CITATION = ARXIV:0706.3356;%%"
}

@article{Liu:2015nwa,
      author         = "Liu, Jia and Shen, Chun and Heinz, Ulrich",
      title          = "{Pre-equilibrium evolution effects on heavy-ion collision
                        observables}",
      journal        = "Phys. Rev.",
      volume         = "C91",
      year           = "2015",
      number         = "6",
      pages          = "064906",
      doi            = "10.1103/PhysRevC.92.049904, 10.1103/PhysRevC.91.064906",
      note           = "[Erratum: Phys. Rev.C92,no.4,049904(2015)]",
      eprint         = "1504.02160",
      archivePrefix  = "arXiv",
      primaryClass   = "nucl-th",
      SLACcitation   = "%%CITATION = ARXIV:1504.02160;%%"
}

@article{Weller:2017tsr,
      author         = "Weller, Ryan D. and Romatschke, Paul",
      title          = "{One fluid to rule them all: viscous hydrodynamic
                        description of event-by-event central p+p, p+Pb and Pb+Pb
                        collisions at $\sqrt{s}=5.02$ TeV}",
      journal        = "Phys. Lett.",
      volume         = "B774",
      year           = "2017",
      pages          = "351-356",
      doi            = "10.1016/j.physletb.2017.09.077",
      eprint         = "1701.07145",
      archivePrefix  = "arXiv",
      primaryClass   = "nucl-th",
      SLACcitation   = "%%CITATION = ARXIV:1701.07145;%%"
}

@article{Mantysaari:2017cni,
      author         = "M{\"a}ntysaari, Heikki and Schenke, Bj{\"o}rn and Shen, Chun
                        and Tribedy, Prithwish",
      title          = "{Imprints of fluctuating proton shapes on flow in
                        proton-lead collisions at the LHC}",
      journal        = "Phys. Lett.",
      volume         = "B772",
      year           = "2017",
      pages          = "681-686",
      doi            = "10.1016/j.physletb.2017.07.038",
      eprint         = "1705.03177",
      archivePrefix  = "arXiv",
      primaryClass   = "nucl-th",
      SLACcitation   = "%%CITATION = ARXIV:1705.03177;%%"
}

@article{Mantysaari:2018zdd,
      author         = "M{\"a}ntysaari, Heikki and Schenke, Bj{\"o}rn",
      title          = "{Confronting impact parameter dependent JIMWLK evolution
                        with HERA data}",
      year           = "2018",
      eprint         = "1806.06783",
      archivePrefix  = "arXiv",
      primaryClass   = "hep-ph",
      SLACcitation   = "%%CITATION = ARXIV:1806.06783;%%"
}

@article{armestodis2018,
      author         = "Armesto, N{\'e}stor",
      title          = "{Future of Nuclear PDFs}",
      journal        = "Proceedings of",
      volume         = "DIS2018",
      year           = "2018",
       URL         = "https://indico.cern.ch/event/656250/contributions/2889208/"
}

@article{deFlorian:2011fp,
      author         = "de Florian, Daniel and Sassot, Rodolfo and Zurita, Pia
                        and Stratmann, Marco",
      title          = "{Global Analysis of Nuclear Parton Distributions}",
      journal        = "Phys. Rev.",
      volume         = "D85",
      year           = "2012",
      pages          = "074028",
      doi            = "10.1103/PhysRevD.85.074028",
      eprint         = "1112.6324",
      archivePrefix  = "arXiv",
      primaryClass   = "hep-ph",
      SLACcitation   = "%%CITATION = ARXIV:1112.6324;%%"
}

@article{Kovarik:2015cma,
      author         = "Kovarik, K. and others",
      title          = "{nCTEQ15 - Global analysis of nuclear parton
                        distributions with uncertainties in the CTEQ framework}",
      journal        = "Phys. Rev.",
      volume         = "D93",
      year           = "2016",
      number         = "8",
      pages          = "085037",
      doi            = "10.1103/PhysRevD.93.085037",
      eprint         = "1509.00792",
      archivePrefix  = "arXiv",
      primaryClass   = "hep-ph",
      reportNumber   = "LPSC-15-153, MS-TP-15-11, FERMILAB-PUB-15-375-ND-PPD-T",
      SLACcitation   = "%%CITATION = ARXIV:1509.00792;%%"
}

@article{Eskola:2016oht,
      author         = "Eskola, Kari J. and Paakkinen, Petja and Paukkunen, Hannu
                        and Salgado, Carlos A.",
      title          = "{EPPS16: Nuclear parton distributions with LHC data}",
      journal        = "Eur. Phys. J.",
      volume         = "C77",
      year           = "2017",
      number         = "3",
      pages          = "163",
      doi            = "10.1140/epjc/s10052-017-4725-9",
      eprint         = "1612.05741",
      archivePrefix  = "arXiv",
      primaryClass   = "hep-ph",
      SLACcitation   = "%%CITATION = ARXIV:1612.05741;%%"
}

@article{Khanpour:2016pph,
      author         = "Khanpour, Hamzeh and Atashbar Tehrani, S.",
      title          = "{Global Analysis of Nuclear Parton Distribution Functions
                        and Their Uncertainties at Next-to-Next-to-Leading Order}",
      journal        = "Phys. Rev.",
      volume         = "D93",
      year           = "2016",
      number         = "1",
      pages          = "014026",
      doi            = "10.1103/PhysRevD.93.014026",
      eprint         = "1601.00939",
      archivePrefix  = "arXiv",
      primaryClass   = "hep-ph",
      SLACcitation   = "%%CITATION = ARXIV:1601.00939;%%"
}

@article{Ball:2017otu,
      author         = "Ball, Richard D. and Bertone, Valerio and Bonvini, Marco
                        and Marzani, Simone and Rojo, Juan and Rottoli, Luca",
      title          = "{Parton distributions with small-x resummation: evidence
                        for BFKL dynamics in HERA data}",
      journal        = "Eur. Phys. J.",
      volume         = "C78",
      year           = "2018",
      number         = "4",
      pages          = "321",
      doi            = "10.1140/epjc/s10052-018-5774-4",
      eprint         = "1710.05935",
      archivePrefix  = "arXiv",
      primaryClass   = "hep-ph",
      reportNumber   = "EDINBURGH-2017-15, NIKHEF-2017-027, OUTP-17-12P",
      SLACcitation   = "%%CITATION = ARXIV:1710.05935;%%"
}

@article{Abdolmaleki:2018jln,
      author         = "Abdolmaleki, Hamed and others",
      title          = "{Impact of low-$x$ resummation on QCD analysis of HERA
                        data}",
      collaboration  = "xFitter Developers' Team",
      year           = "2018",
      eprint         = "1802.00064",
      archivePrefix  = "arXiv",
      primaryClass   = "hep-ph",
      SLACcitation   = "%%CITATION = ARXIV:1802.00064;%%"
}

@article{zeusichep2018,
      author         = "Przybycie{\'n}, Mariusz",
      collaboration = "{ZEUS}",
      title          = "{Investigation of collective effects in DIS
with the ZEUS detector}",
      journal        = "Proceedings of",
      volume         = "ICHEP2018",
      year           = "2018",
       URL         = "https://indico.cern.ch/event/686555/contributions/2975347/attachments/1681772/2702164/ichep_2018_zeus.pdf"
}

@article{Albacete:2013tpa,
      author         = "Albacete, Javier L. and Dumitru, Adrian and Marquet,
                        Cyrille",
      title          = "{The initial state of heavy-ion collisions}",
      journal        = "Int. J. Mod. Phys.",
      volume         = "A28",
      year           = "2013",
      pages          = "1340010",
      doi            = "10.1142/S0217751X13400101",
      eprint         = "1302.6433",
      archivePrefix  = "arXiv",
      primaryClass   = "hep-ph",
      reportNumber   = "RBRC-1001",
      SLACcitation   = "%%CITATION = ARXIV:1302.6433;%%"
}

@inproceedings{Lappi:2015jka,
      author         = "Lappi, T.",
      title          = "{Initial state in heavy ion collisions}",
      booktitle      = "{Proceedings, 7th International Conference on Hard and
                        Electromagnetic Probes of High-Energy Nuclear Collisions
                        (Hard Probes 2015): Montréal, Québec, Canada, June
                        29-July 3, 2015}",
      year           = "2016",
      url            = "http://inspirehep.net/record/1393505/files/arXiv:1509.04503.pdf",
      doi            = "10.1016/j.nuclphysbps.2016.05.007",
      eprint         = "1509.04503",
      archivePrefix  = "arXiv",
      primaryClass   = "hep-ph",
      SLACcitation   = "%%CITATION = ARXIV:1509.04503;%%"
}

@article{Dainese:2016gch,
      author         = "Dainese, A. and others",
      title          = "{Heavy ions at the Future Circular Collider}",
      journal        = "CERN Yellow Report",
      year           = "2017",
      number         = "3",
      pages          = "635-692",
      doi            = "10.23731/CYRM-2017-003.635",
      eprint         = "1605.01389",
      archivePrefix  = "arXiv",
      primaryClass   = "hep-ph",
      reportNumber   = "CERN-TH-2016-107",
      SLACcitation   = "%%CITATION = ARXIV:1605.01389;%%"
}

@article{AbelleiraFernandez:2012cc,
      author         = "Abelleira Fernandez, J. L. and others",
      title          = "{A Large Hadron Electron Collider at CERN: Report on the
                        Physics and Design Concepts for Machine and Detector}",
      collaboration  = "LHeC Study Group",
      journal        = "J. Phys.",
      volume         = "G39",
      year           = "2012",
      pages          = "075001",
      doi            = "10.1088/0954-3899/39/7/075001",
      eprint         = "1206.2913",
      archivePrefix  = "arXiv",
      primaryClass   = "physics.acc-ph",
      reportNumber   = "SLAC-R-999, CERN-OPEN-2012-015, LHEC-NOTE-2012-001-GEN",
      SLACcitation   = "%%CITATION = ARXIV:1206.2913;%%"
}

@article{Accardi:2012qut,
      author         = "Accardi, A. and others",
      editor         = "Deshpande, A. and Meziani, Z. E. and Qiu, J. W.",
      title          = "{Electron Ion Collider: The Next QCD Frontier}",
      journal        = "Eur. Phys. J.",
      volume         = "A52",
      year           = "2016",
      number         = "9",
      pages          = "268",
      doi            = "10.1140/epja/i2016-16268-9",
      eprint         = "1212.1701",
      archivePrefix  = "arXiv",
      primaryClass   = "nucl-ex",
      reportNumber   = "BNL-98815-2012-JA, JLAB-PHY-12-1652",
      SLACcitation   = "%%CITATION = ARXIV:1212.1701;%%"
}

@article{Guzey:2013xba,
      author         = "Guzey, V. and Kryshen, E. and Strikman, M. and Zhalov,
                        M.",
      title          = "{Evidence for nuclear gluon shadowing from the ALICE
                        measurements of PbPb ultraperipheral exclusive $J/{\psi}$
                        production}",
      journal        = "Phys. Lett.",
      volume         = "B726",
      year           = "2013",
      pages          = "290-295",
      doi            = "10.1016/j.physletb.2013.08.043",
      eprint         = "1305.1724",
      archivePrefix  = "arXiv",
      primaryClass   = "hep-ph",
      SLACcitation   = "%%CITATION = ARXIV:1305.1724;%%"
}

@article{Abbas:2013oua,
      author         = "Abbas, E. and others",
      title          = "{Charmonium and $e^+e^-$ pair photoproduction at
                        mid-rapidity in ultra-peripheral Pb-Pb collisions at
                        $\sqrt{s_{\rm NN}}$=2.76 TeV}",
      collaboration  = "ALICE",
      journal        = "Eur. Phys. J.",
      volume         = "C73",
      year           = "2013",
      number         = "11",
      pages          = "2617",
      doi            = "10.1140/epjc/s10052-013-2617-1",
      eprint         = "1305.1467",
      archivePrefix  = "arXiv",
      primaryClass   = "nucl-ex",
      reportNumber   = "CERN-PH-EP-2013-066",
      SLACcitation   = "%%CITATION = ARXIV:1305.1467;%%"
}

@article{Adam:2015sia,
      author         = "Adam, Jaroslav and others",
      title          = "{Coherent $\psi$(2S) photo-production in ultra-peripheral
                        Pb Pb collisions at $\sqrt{s}_{\rm NN}$ = 2.76 TeV}",
      collaboration  = "ALICE",
      journal        = "Phys. Lett.",
      volume         = "B751",
      year           = "2015",
      pages          = "358-370",
      doi            = "10.1016/j.physletb.2015.10.040",
      eprint         = "1508.05076",
      archivePrefix  = "arXiv",
      primaryClass   = "nucl-ex",
      reportNumber   = "CERN-PH-EP-2015-156",
      SLACcitation   = "%%CITATION = ARXIV:1508.05076;%%"
}

@article{Adam:2015gsa,
      author         = "Adam, Jaroslav and others",
      title          = "{Coherent $\rho^{0}$ photoproduction in ultra-peripheral
                        Pb-Pb collisions at $ \sqrt{s_{\mathrm{NN}}}=2.76 $ TeV}",
      collaboration  = "ALICE",
      journal        = "JHEP",
      volume         = "09",
      year           = "2015",
      pages          = "095",
      doi            = "10.1007/JHEP09(2015)095",
      eprint         = "1503.09177",
      archivePrefix  = "arXiv",
      primaryClass   = "nucl-ex",
      reportNumber   = "CERN-PH-EP-2015-082",
      SLACcitation   = "%%CITATION = ARXIV:1503.09177;%%"
}

@article{TheALICE:2014dwa,
      author         = "Abelev, Betty Bezverkhny and others",
      title          = "{Exclusive $\mathrm{J/}\psi$ photoproduction off protons
                        in ultra-peripheral p-Pb collisions at $\sqrt{s_{\rm
                        NN}}=5.02$ TeV}",
      collaboration  = "ALICE",
      journal        = "Phys. Rev. Lett.",
      volume         = "113",
      year           = "2014",
      number         = "23",
      pages          = "232504",
      doi            = "10.1103/PhysRevLett.113.232504",
      eprint         = "1406.7819",
      archivePrefix  = "arXiv",
      primaryClass   = "nucl-ex",
      reportNumber   = "CERN-PH-EP-2014-149",
      SLACcitation   = "%%CITATION = ARXIV:1406.7819;%%"
}

@article{Abelev:2012ba,
      author         = "Abelev, Betty and others",
      title          = "{Coherent $J/\psi$ photoproduction in ultra-peripheral
                        Pb-Pb collisions at $\sqrt{s_{NN}} = 2.76$ TeV}",
      collaboration  = "ALICE",
      journal        = "Phys. Lett.",
      volume         = "B718",
      year           = "2013",
      pages          = "1273-1283",
      doi            = "10.1016/j.physletb.2012.11.059",
      eprint         = "1209.3715",
      archivePrefix  = "arXiv",
      primaryClass   = "nucl-ex",
      reportNumber   = "CERN-PH-EP-2012-270",
      SLACcitation   = "%%CITATION = ARXIV:1209.3715;%%"
}

@article{Adam:2015gba,
      author         = "Adam, Jaroslav and others",
      title          = "{Measurement of an excess in the yield of $J/\psi$ at
                        very low $p_{\rm T}$ in Pb-Pb collisions at $\sqrt{s_{\rm
                        NN}}$ = 2.76 TeV}",
      collaboration  = "ALICE",
      journal        = "Phys. Rev. Lett.",
      volume         = "116",
      year           = "2016",
      number         = "22",
      pages          = "222301",
      doi            = "10.1103/PhysRevLett.116.222301",
      eprint         = "1509.08802",
      archivePrefix  = "arXiv",
      primaryClass   = "nucl-ex",
      reportNumber   = "CERN-PH-EP-2015-268",
      SLACcitation   = "%%CITATION = ARXIV:1509.08802;%%"
}

@article{Aaij:2014iea,
      author         = "Aaij, Roel and others",
      title          = "{Updated measurements of exclusive $J/\psi$ and
                        $\psi$(2S) production cross-sections in pp collisions at
                        $\sqrt{s}=7$ TeV}",
      collaboration  = "LHCb",
      journal        = "J. Phys.",
      volume         = "G41",
      year           = "2014",
      pages          = "055002",
      doi            = "10.1088/0954-3899/41/5/055002",
      eprint         = "1401.3288",
      archivePrefix  = "arXiv",
      primaryClass   = "hep-ex",
      reportNumber   = "CERN-PH-EP-2013-233, LHCB-PAPER-2013-059",
      SLACcitation   = "%%CITATION = ARXIV:1401.3288;%%"
}

@article{ATLAS:2016vdy,
      author         = "The ATLAS collaboration",
      title          = "{Measurement of high-mass dimuon pairs from
                        ultraperipheral lead-lead collisions at
                        $\sqrt{s_{\mathrm{NN}}}=5.02$ TeV with the ATLAS detector
                        at the LHC}",
      collaboration  = "ATLAS",
      year           = "2016",
      reportNumber   = "ATLAS-CONF-2016-025",
      SLACcitation   = "%%CITATION = ATLAS-CONF-2016-025;%%"
}

@article{Khachatryan:2016qhq,
      author         = "Khachatryan, Vardan and others",
      title          = "{Coherent $J/\psi$ photoproduction in ultra-peripheral
                        PbPb collisions at $\sqrt {s_{NN}} =$ 2.76 TeV with the
                        CMS experiment}",
      collaboration  = "CMS",
      journal        = "Phys. Lett.",
      volume         = "B772",
      year           = "2017",
      pages          = "489-511",
      doi            = "10.1016/j.physletb.2017.07.001",
      eprint         = "1605.06966",
      archivePrefix  = "arXiv",
      primaryClass   = "nucl-ex",
      reportNumber   = "CMS-HIN-12-009, CERN-EP-2016-098",
      SLACcitation   = "%%CITATION = ARXIV:1605.06966;%%"
}

@article{Abelevetal:2014cna,
      author         = "Abelev, B and others",
      title          = "{Upgrade of the ALICE Experiment: Letter Of Intent}",
      collaboration  = "ALICE",
      journal        = "J. Phys.",
      volume         = "G41",
      year           = "2014",
      pages          = "087001",
      doi            = "10.1088/0954-3899/41/8/087001",
      reportNumber   = "CERN-LHCC-2012-012, CERN-LHCC-I-022, ALICE-UG-001",
      SLACcitation   = "%%CITATION = JPAGA,G41,087001;%%"
}
@article{Buncic:2015ari,
      author         = "Buncic, P. and Krzewicki, M. and Vande Vyvre, P.",
      title          = "{Technical Design Report for the Upgrade of the
                        Online-Offline Computing System}",
      year           = "2015",
      reportNumber   = "CERN-LHCC-2015-006, ALICE-TDR-019",
      SLACcitation   = "%%CITATION = CERN-LHCC-2015-006;%%"
}
@article{Antoniolietal:2013,
      key            = "1600311",
      author         = "Antonioli, P. and Kluge, A. and Riegler, W.",
      title          = "{Upgrade of the ALICE Readout \& Trigger System}",
      collaboration  = "ALICE",
      reportNumber   = "CERN-LHCC-2013-019, ALICE-TDR-015",
      SLACcitation   = "%%CITATION = CERN-LHCC-2013-019;%%"
}
@article{Abelevetal:2014dna,
      author         = "Abelev, B and others",
      title          = "{Technical Design Report for the Upgrade of the ALICE
                        Inner Tracking System}",
      collaboration  = "ALICE",
      journal        = "J. Phys.",
      volume         = "G41",
      year           = "2014",
      pages          = "087002",
      doi            = "10.1088/0954-3899/41/8/087002",
      reportNumber   = "CERN-LHCC-2013-024, ALICE-TDR-017",
      SLACcitation   = "%%CITATION = JPAGA,G41,087002;%%"
}
@article{ALICE:2014qrd,
      author         = "Lippmann, Christian",
      title          = "{Upgrade of the ALICE Time Projection Chamber}",
      collaboration  = "ALICE",
      year           = "2014",
      reportNumber   = "CERN-LHCC-2013-020, ALICE-TDR-016",
      SLACcitation   = "%%CITATION = CERN-LHCC-2013-020;%%"
}
@article{Uras:2012af,
      author         = "Uras, Antonio and Group, for the ALICE MFT Working",
      title          = "{Muon Physics in ALICE: The MFT Upgrade Project}",
      booktitle      = "{Proceedings, Workshop for Young Scientists on the
                        Physics of Ultrarelativistic Nucleus-Nucleus Collisions
                        (Hot Quarks 2012): Copamarina, Puerto Rico, October 14-20,
                        2012}",
      collaboration  = "ALICE MFT Working Group",
      journal        = "J. Phys. Conf. Ser.",
      volume         = "446",
      year           = "2013",
      pages          = "012054",
      doi            = "10.1088/1742-6596/446/1/012054",
      eprint         = "1212.6517",
      archivePrefix  = "arXiv",
      primaryClass   = "hep-ex",
      SLACcitation   = "%%CITATION = ARXIV:1212.6517;%%"
}
@article{Arleo:2015qiv,
      author         = "Arleo, F. and Peigné, S.",
      title          = "{Disentangling Shadowing from Coherent Energy Loss using
                        the Drell-Yan Process}",
      journal        = "Phys. Rev.",
      volume         = "D95",
      year           = "2017",
      number         = "1",
      pages          = "011502",
      doi            = "10.1103/PhysRevD.95.011502",
      eprint         = "1512.01794",
      archivePrefix  = "arXiv",
      primaryClass   = "hep-ph",
      SLACcitation   = "%%CITATION = ARXIV:1512.01794;%%"
}
@article{Stavreva:2010mw,
      author         = "Stavreva, T. and Schienbein, I. and Arleo, F. and
                        Kovarik, K. and Olness, F. and Yu, J. Y. and Owens, J. F.",
      title          = "{Probing gluon and heavy-quark nuclear PDFs with gamma +
                        Q production in pA collisions}",
      journal        = "JHEP",
      volume         = "01",
      year           = "2011",
      pages          = "152",
      doi            = "10.1007/JHEP01(2011)152",
      eprint         = "1012.1178",
      archivePrefix  = "arXiv",
      primaryClass   = "hep-ph",
      reportNumber   = "LPSC-10-140, KA-TP-29-2010",
      SLACcitation   = "%%CITATION = ARXIV:1012.1178;%%"
}

@article{Strikman:2005yv,
      author         = "Strikman, Mark and Vogt, Ramona and White, Sebastian N.",
      title          = "{Probing small x parton densities in ultraperipheral AA
                        and pA collisions at the LHC}",
      journal        = "Phys. Rev. Lett.",
      volume         = "96",
      year           = "2006",
      pages          = "082001",
      doi            = "10.1103/PhysRevLett.96.082001",
      eprint         = "hep-ph/0508296",
      archivePrefix  = "arXiv",
      primaryClass   = "hep-ph",
      SLACcitation   = "%%CITATION = HEP-PH/0508296;%%"
}

@article{Sjostrand:2014zea,
      author         = "Sj{\"o}strand, Torbj{\"o}rn and Ask, Stefan and Christiansen,
                        Jesper R. and Corke, Richard and Desai, Nishita and Ilten,
                        Philip and Mrenna, Stephen and Prestel, Stefan and
                        Rasmussen, Christine O. and Skands, Peter Z.",
      title          = "{An Introduction to PYTHIA 8.2}",
      journal        = "Comput. Phys. Commun.",
      volume         = "191",
      year           = "2015",
      pages          = "159-177",
      doi            = "10.1016/j.cpc.2015.01.024",
      eprint         = "1410.3012",
      archivePrefix  = "arXiv",
      primaryClass   = "hep-ph",
      reportNumber   = "LU-TP-14-36, MCNET-14-22, CERN-PH-TH-2014-190,
                        FERMILAB-PUB-14-316-CD, DESY-14-178, SLAC-PUB-16122",
      SLACcitation   = "%%CITATION = ARXIV:1410.3012;%%"
}

@inproceedings{Helenius:2018bai,
      author         = "Helenius, Ilkka",
      title          = "{Simulations of photo-nuclear dijets with Pythia 8 and
                        their sensitivity to nuclear PDFs}",
      booktitle      = "{26th International Workshop on Deep Inelastic Scattering
                        and Related Subjects (DIS 2018) Port Island, Kobe, Japan,
                        April 16-20, 2018}",
      year           = "2018",
      eprint         = "1806.07326",
      archivePrefix  = "arXiv",
      primaryClass   = "hep-ph",
      SLACcitation   = "%%CITATION = ARXIV:1806.07326;%%"
}

@article{ATLAS:2017kwa,
      author         = "The ATLAS collaboration",
      title          = "{Photo-nuclear dijet production in ultra-peripheral Pb+Pb
                        collisions}",
      collaboration  = "ATLAS",
      year           = "2017",
      journal        = "ATLAS-CONF-2017-011",
      SLACcitation   = "%%CITATION = ATLAS-CONF-2017-011;%%"
}

@article{Cacciari:2011ma,
      author         = "Cacciari, Matteo and Salam, Gavin P. and Soyez, Gregory",
      title          = "{FastJet User Manual}",
      journal        = "Eur. Phys. J.",
      volume         = "C72",
      year           = "2012",
      pages          = "1896",
      doi            = "10.1140/epjc/s10052-012-1896-2",
      eprint         = "1111.6097",
      archivePrefix  = "arXiv",
      primaryClass   = "hep-ph",
      reportNumber   = "CERN-PH-TH-2011-297",
      SLACcitation   = "%%CITATION = ARXIV:1111.6097;%%"
}

@article{Ball:2012cx,
      author         = "Ball, Richard D. and others",
      title          = "{Parton distributions with LHC data}",
      journal        = "Nucl. Phys.",
      volume         = "B867",
      year           = "2013",
      pages          = "244-289",
      doi            = "10.1016/j.nuclphysb.2012.10.003",
      eprint         = "1207.1303",
      archivePrefix  = "arXiv",
      primaryClass   = "hep-ph",
      reportNumber   = "EDINBURGH-2012-08, IFUM-FT-997, FR-PHENO-2012-014,
                        RWTH-TTK-12-25, CERN-PH-TH-2012-037, SFB-CPP-12-47",
      SLACcitation   = "%%CITATION = ARXIV:1207.1303;%%"
}

@article{Cornet:2002iy,
      author         = "Cornet, F. and Jankowski, P. and Krawczyk, M. and Lorca,
                        A.",
      title          = "{A New five flavor LO analysis and parametrization of
                        parton distributions in the real photon}",
      journal        = "Phys. Rev.",
      volume         = "D68",
      year           = "2003",
      pages          = "014010",
      doi            = "10.1103/PhysRevD.68.014010",
      eprint         = "hep-ph/0212160",
      archivePrefix  = "arXiv",
      primaryClass   = "hep-ph",
      reportNumber   = "IFT-22-2002, UG-FT-138-02, CAFPE-8-02, DESY-02-118,
                        CERN-TH-2002-362",
      SLACcitation   = "%%CITATION = HEP-PH/0212160;%%"
}

@article{Gluck:1991jc,
      author         = "Gluck, M. and Reya, E. and Vogt, A.",
      title          = "{Photonic parton distributions}",
      journal        = "Phys. Rev.",
      volume         = "D46",
      year           = "1992",
      pages          = "1973-1979",
      doi            = "10.1103/PhysRevD.46.1973",
      reportNumber   = "DO-TH-91-31",
      SLACcitation   = "%%CITATION = PHRVA,D46,1973;%%"
}

@article{Schuler:1995fk,
      author         = "Schuler, Gerhard A. and Sj{\"o}strand, Torbj{\"o}rn",
      title          = "{Low and high mass components of the photon distribution
                        functions}",
      journal        = "Z. Phys.",
      volume         = "C68",
      year           = "1995",
      pages          = "607-624",
      doi            = "10.1007/BF01565260",
      eprint         = "hep-ph/9503384",
      archivePrefix  = "arXiv",
      primaryClass   = "hep-ph",
      reportNumber   = "CERN-TH-95-62, CERN-TH-95-062, LU-TP-95-6",
      SLACcitation   = "%%CITATION = HEP-PH/9503384;%%"
}

@article{Kusina:2016fxy,
      author         = "Kusina, A. and Lyonnet, F. and Clark, D. B. and Godat, E.
                        and Jezo, T. and Kovarik, K. and Olness, F. I. and
                        Schienbein, I. and Yu, J. Y.",
      title          = "{Vector boson production in pPb and PbPb collisions at
                        the LHC and its impact on nCTEQ15 PDFs}",
      journal        = "Eur. Phys. J.",
      volume         = "C77",
      year           = "2017",
      number         = "7",
      pages          = "488",
      doi            = "10.1140/epjc/s10052-017-5036-x",
      eprint         = "1610.02925",
      archivePrefix  = "arXiv",
      primaryClass   = "nucl-th",
      reportNumber   = "LPSC-16-214, SMU-HEP-16-12, NSF-KITP-16-033",
      SLACcitation   = "%%CITATION = ARXIV:1610.02925;%%"
}


@article{Kusina:2018pbp,
      author         = "Kusina, A. and Lansberg, J. P. and Schienbein, I. and
                        Shao, H. S.",
      title          = "{Impact of LHC Heavy-Flavour Data on Nuclear Gluon PDF}",
      booktitle      = "{Proceedings, 24th Cracow Epiphany Conference on Advances
                        in Heavy Flavour Physics: Cracow, Poland, January 9-12,
                        2018}",
      journal        = "Acta Phys. Polon.",
      volume         = "B49",
      year           = "2018",
      pages          = "1185",
      doi            = "10.5506/APhysPolB.49.1185",
      SLACcitation   = "%%CITATION = APPOA,B49,1185;%%"
}

@article{Eskola:2016oht,
      author         = "Eskola, Kari J. and Paakkinen, Petja and Paukkunen, Hannu
                        and Salgado, Carlos A.",
      title          = "{EPPS16: Nuclear parton distributions with LHC data}",
      journal        = "Eur. Phys. J.",
      volume         = "C77",
      year           = "2017",
      number         = "3",
      pages          = "163",
      doi            = "10.1140/epjc/s10052-017-4725-9",
      eprint         = "1612.05741",
      archivePrefix  = "arXiv",
      primaryClass   = "hep-ph",
      SLACcitation   = "%%CITATION = ARXIV:1612.05741;%%"
}

@article{Bussey:2001xg,
      author         = "Bussey, P. J.",
      title          = "{Prompt photons in photoproduction at HERA}",
      booktitle      = "{Deep inelastic scattering. Proceedings, 9th
                        International Workshop, DIS 2001, Bologna, Italy, April
                        27-May 1, 2001}",
      collaboration  = "ZEUS",
      journal        = "Sci. Cult. Ser.-Phys.",
      volume         = "21",
      year           = "2002",
      pages          = "451-454",
      doi            = "10.1142/9789812778345_0055",
      eprint         = "hep-ex/0107063",
      archivePrefix  = "arXiv",
      primaryClass   = "hep-ex",
      reportNumber   = "GLAS-PPE-2001-03",
      SLACcitation   = "%%CITATION = HEP-EX/0107063;%%"
}

@article{Chwastowski:2003aw,
      author         = "Chwastowski, J. and Figiel, J.",
      title          = "{Photoproduction at HERA}",
      journal        = "Phys. Part. Nucl.",
      volume         = "35",
      year           = "2004",
      pages          = "619-632",
      note           = "[Fiz. Elem. Chast. Atom. Yadra35,1157(2004)]",
      eprint         = "hep-ex/0311044",
      archivePrefix  = "arXiv",
      primaryClass   = "hep-ex",
      SLACcitation   = "%%CITATION = HEP-EX/0311044;%%"
}

@article{Aktas:2005bt,
      author         = "Aktas, A. and others",
      title          = "{Measurement of charm and beauty photoproduction at HERA
                        using D* mu correlations}",
      collaboration  = "H1",
      journal        = "Phys. Lett.",
      volume         = "B621",
      year           = "2005",
      pages          = "56-71",
      doi            = "10.1016/j.physletb.2005.06.040",
      eprint         = "hep-ex/0503038",
      archivePrefix  = "arXiv",
      primaryClass   = "hep-ex",
      reportNumber   = "DESY-05-040",
      SLACcitation   = "%%CITATION = HEP-EX/0503038;%%"
}

@article{Stavreva:2010mw,
      author         = "Stavreva, T. and Schienbein, I. and Arleo, F. and
                        Kovarik, K. and Olness, F. and Yu, J. Y. and Owens, J. F.",
      title          = "{Probing gluon and heavy-quark nuclear PDFs with gamma +
                        Q production in pA collisions}",
      journal        = "JHEP",
      volume         = "01",
      year           = "2011",
      pages          = "152",
      doi            = "10.1007/JHEP01(2011)152",
      eprint         = "1012.1178",
      archivePrefix  = "arXiv",
      primaryClass   = "hep-ph",
      reportNumber   = "LPSC-10-140, KA-TP-29-2010",
      SLACcitation   = "%%CITATION = ARXIV:1012.1178;%%"
}

@article{Stavreva:2012aa,
      author         = "Stavreva, Tzvetalina and Arleo, Francois and Schienbein,
                        Ingo",
      title          = "{Prompt photon in association with a heavy-quark jet in
                        Pb-Pb collisions at the LHC}",
      journal        = "JHEP",
      volume         = "02",
      year           = "2013",
      pages          = "072",
      doi            = "10.1007/JHEP02(2013)072",
      eprint         = "1211.6744",
      archivePrefix  = "arXiv",
      primaryClass   = "hep-ph",
      reportNumber   = "LPSC-12-323, LAPTH-056-12",
      SLACcitation   = "%%CITATION = ARXIV:1211.6744;%%"
}


%%% contains utf-8, see: http://inspirehep.net/info/faq/general#utf8
%%% add \usepackage[utf8]{inputenc} to your latex preamble

@article{Czakon:2016olj,
      author         = "Czakon, Michał and Hartland, Nathan P. and Mitov,
                        Alexander and Nocera, Emanuele R. and Rojo, Juan",
      title          = "{Pinning down the large-x gluon with NNLO top-quark pair
                        differential distributions}",
      journal        = "JHEP",
      volume         = "04",
      year           = "2017",
      pages          = "044",
      doi            = "10.1007/JHEP04(2017)044",
      eprint         = "1611.08609",
      archivePrefix  = "arXiv",
      primaryClass   = "hep-ph",
      reportNumber   = "OUTP-16-15P, NIKHEF-2016-046, CAVENDISH-HEP-16-17,
                        AACHEN-TTK-16-49",
      SLACcitation   = "%%CITATION = ARXIV:1611.08609;%%"
}

@article{Chatrchyan:2013uja,
      author         = "Chatrchyan, Serguei and others",
      title          = "{Measurement of associated W + charm production in pp
                        collisions at $\sqrt{s}$ = 7 TeV}",
      collaboration  = "CMS",
      journal        = "JHEP",
      volume         = "02",
      year           = "2014",
      pages          = "013",
      doi            = "10.1007/JHEP02(2014)013",
      eprint         = "1310.1138",
      archivePrefix  = "arXiv",
      primaryClass   = "hep-ex",
      reportNumber   = "CMS-SMP-12-002, CERN-PH-EP-2013-149",
      SLACcitation   = "%%CITATION = ARXIV:1310.1138;%%"
}

@article{Aad:2014xca,
      author         = "Aad, Georges and others",
      title          = "{Measurement of the production of a $W$ boson in
                        association with a charm quark in $pp$ collisions at
                        $\sqrt{s} =$ 7 TeV with the ATLAS detector}",
      collaboration  = "ATLAS",
      journal        = "JHEP",
      volume         = "05",
      year           = "2014",
      pages          = "068",
      doi            = "10.1007/JHEP05(2014)068",
      eprint         = "1402.6263",
      archivePrefix  = "arXiv",
      primaryClass   = "hep-ex",
      reportNumber   = "CERN-PH-EP-2014-007",
      SLACcitation   = "%%CITATION = ARXIV:1402.6263;%%"
}
